<?xml version="1.0" encoding="UTF-8"?>
<!DOCTYPE html PUBLIC "-//W3C//DTD XHTML 1.0 Transitional//EN"
    "http://www.w3.org/TR/xhtml1/DTD/xhtml1-transitional.dtd">
<html xmlns="http://www.w3.org/1999/xhtml" xml:lang="en" lang="en">
 <head>
  <title>
</title>
<meta http-equiv="Content-Type" content="text/html;charset=utf-8" />
  <meta name='ocr-system' content='tesseract 3.04.00' />
  <meta name='ocr-capabilities' content='ocr_page ocr_carea ocr_par ocr_line ocrx_word'/>
</head>
<body>
  <div class='ocr_page' id='page_1' title='image "./peripateticusnos00schw_0358.png"; bbox 0 0 2294 2933; ppageno 0'>
   <div class='ocr_carea' id='block_1_1' title="bbox 286 85 381 140">
    <p class='ocr_par' dir='ltr' id='par_1_1' title="bbox 286 85 381 140">
     <span class='ocr_line' id='line_1_1' title="bbox 286 85 381 140; baseline 0.042 -4"><span class='ocrx_word' id='word_1_1' title='bbox 286 85 381 140; x_wconf 70' lang='lat'>34⁴</span> 
     </span>
    </p>
   </div>
   <div class='ocr_carea' id='block_1_2' title="bbox 268 190 1135 2710">
    <p class='ocr_par' dir='ltr' id='par_1_2' title="bbox 268 190 1135 2592">
     <span class='ocr_line' id='line_1_2' title="bbox 285 190 1129 256; baseline -0.005 -15"><span class='ocrx_word' id='word_1_2' title='bbox 285 197 333 241; x_wconf 87' lang='lat' dir='ltr'>in</span> <span class='ocrx_word' id='word_1_3' title='bbox 353 193 732 256; x_wconf 58' lang='lat' dir='ltr'>acceptieffeferat</span> <span class='ocrx_word' id='word_1_4' title='bbox 750 228 764 249; x_wconf 89' lang='lat'>‚</span> <span class='ocrx_word' id='word_1_5' title='bbox 789 203 993 254; x_wconf 83' lang='lat' dir='ltr'><strong>oportet.</strong></span> <span class='ocrx_word' id='word_1_6' title='bbox 1041 190 1129 239; x_wconf 86' lang='lat' dir='ltr'>Sed</span> 
     </span>
     <span class='ocr_line' id='line_1_3' title="bbox 286 255 1129 321; baseline -0.006 -16"><span class='ocrx_word' id='word_1_7' title='bbox 286 275 370 321; x_wconf 83' lang='lat' dir='ltr'>age</span> <span class='ocrx_word' id='word_1_8' title='bbox 387 296 399 315; x_wconf 87' lang='lat'>‚</span> <span class='ocrx_word' id='word_1_9' title='bbox 430 275 486 305; x_wconf 87' lang='lat' dir='ltr'>an</span> <span class='ocrx_word' id='word_1_10' title='bbox 502 258 671 304; x_wconf 81' lang='lat' dir='ltr'>modus</span> <span class='ocrx_word' id='word_1_11' title='bbox 693 259 766 304; x_wconf 83' lang='lat' dir='ltr'>hic</span> <span class='ocrx_word' id='word_1_12' title='bbox 784 255 1002 318; x_wconf 85' lang='lat' dir='ltr'>arguendi</span> <span class='ocrx_word' id='word_1_13' title='bbox 1025 257 1129 302; x_wconf 79' lang='lat' dir='ltr'>Phi-</span> 
     </span>
     <span class='ocr_line' id='line_1_4' title="bbox 282 318 1131 386; baseline -0.007 -15"><span class='ocrx_word' id='word_1_14' title='bbox 282 322 531 386; x_wconf 81' lang='lat' dir='ltr'>]osophum</span> <span class='ocrx_word' id='word_1_15' title='bbox 549 334 681 369; x_wconf 85' lang='lat' dir='ltr'>notat</span> <span class='ocrx_word' id='word_1_16' title='bbox 711 359 724 378; x_wconf 89' lang='lat'>‚</span> <span class='ocrx_word' id='word_1_17' title='bbox 781 323 859 382; x_wconf 88' lang='lat' dir='ltr'>qui</span> <span class='ocrx_word' id='word_1_18' title='bbox 888 321 1053 382; x_wconf 84' lang='lat' dir='ltr'>dignus</span> <span class='ocrx_word' id='word_1_19' title='bbox 1077 318 1131 366; x_wconf 78' lang='lat' dir='ltr'>fit</span> 
     </span>
     <span class='ocr_line' id='line_1_5' title="bbox 284 384 1131 447; baseline -0.009 -10"><span class='ocrx_word' id='word_1_20' title='bbox 284 389 540 437; x_wconf 77' lang='lat' dir='ltr'>Athenaeo?</span> <span class='ocrx_word' id='word_1_21' title='bbox 574 403 630 434; x_wconf 87' lang='lat' dir='ltr'>an</span> <span class='ocrx_word' id='word_1_22' title='bbox 650 387 740 432; x_wconf 79' lang='lat' dir='ltr'>haec</span> <span class='ocrx_word' id='word_1_23' title='bbox 761 384 921 447; x_wconf 86' lang='lat' dir='ltr'>agendi</span> <span class='ocrx_word' id='word_1_24' title='bbox 944 385 1131 431; x_wconf 83' lang='lat' dir='ltr'>metho-</span> 
     </span>
     <span class='ocr_line' id='line_1_6' title="bbox 282 448 1134 515; baseline -0.008 -14"><span class='ocrx_word' id='word_1_25' title='bbox 282 454 371 501; x_wconf 87' lang='lat' dir='ltr'>dus</span> <span class='ocrx_word' id='word_1_26' title='bbox 387 454 656 515; x_wconf 86' lang='lat' dir='ltr'>principium</span> <span class='ocrx_word' id='word_1_27' title='bbox 682 450 866 505; x_wconf 86' lang='lat' dir='ltr'>deceat,</span> <span class='ocrx_word' id='word_1_28' title='bbox 903 448 1032 512; x_wconf 90' lang='lat' dir='ltr'>quod</span> <span class='ocrx_word' id='word_1_29' title='bbox 1055 465 1134 495; x_wconf 78' lang='lat' dir='ltr'>co-</span> 
     </span>
     <span class='ocr_line' id='line_1_7' title="bbox 283 514 1131 581; baseline -0.006 -17"><span class='ocrx_word' id='word_1_30' title='bbox 283 516 591 581; x_wconf 83' lang='lat' dir='ltr'>gnoscitivum</span> <span class='ocrx_word' id='word_1_31' title='bbox 668 515 820 561; x_wconf 84' lang='lat' dir='ltr'>voluit</span> <span class='ocrx_word' id='word_1_32' title='bbox 887 516 1081 563; x_wconf 79' lang='lat' dir='ltr'>Creator</span> <span class='ocrx_word' id='word_1_33' title='bbox 1116 514 1131 559; x_wconf 73' lang='grc' dir='ltr'><strong><em>ἓ</em></strong></span> 
     </span>
     <span class='ocr_line' id='line_1_8' title="bbox 286 577 1133 645; baseline -0.006 -16"><span class='ocrx_word' id='word_1_34' title='bbox 286 582 415 645; x_wconf 82' lang='lat' dir='ltr'>quod</span> <span class='ocrx_word' id='word_1_35' title='bbox 448 582 738 642; x_wconf 80' lang='lat' dir='ltr'>operationes</span> <span class='ocrx_word' id='word_1_36' title='bbox 771 580 1002 626; x_wconf 86' lang='lat' dir='ltr'>mirabiles</span> <span class='ocrx_word' id='word_1_37' title='bbox 1027 617 1041 636; x_wconf 89' lang='lat'>‚</span> <span class='ocrx_word' id='word_1_38' title='bbox 1102 577 1133 624; x_wconf 86' lang='lat' dir='ltr'><strong>fi</strong></span> 
     </span>
     <span class='ocr_line' id='line_1_9' title="bbox 283 641 1135 708; baseline -0.006 -14"><span class='ocrx_word' id='word_1_39' title='bbox 283 645 441 694; x_wconf 88' lang='lat' dir='ltr'>nostro</span> <span class='ocrx_word' id='word_1_40' title='bbox 458 661 554 692; x_wconf 89' lang='lat' dir='ltr'>non</span> <span class='ocrx_word' id='word_1_41' title='bbox 567 658 761 708; x_wconf 85' lang='lat' dir='ltr'>arguunt</span> <span class='ocrx_word' id='word_1_42' title='bbox 776 643 942 700; x_wconf 85' lang='lat' dir='ltr'>fimile,</span> <span class='ocrx_word' id='word_1_43' title='bbox 973 641 1135 690; x_wconf 83' lang='lat' dir='ltr'>saltem</span> 
     </span>
     <span class='ocr_line' id='line_1_10' title="bbox 281 705 1131 758; baseline -0.004 -1"><span class='ocrx_word' id='word_1_44' title='bbox 281 727 376 757; x_wconf 91' lang='lat' dir='ltr'>non</span> <span class='ocrx_word' id='word_1_45' title='bbox 397 721 563 757; x_wconf 87' lang='lat' dir='ltr'>notant</span> <span class='ocrx_word' id='word_1_46' title='bbox 590 722 695 757; x_wconf 81' lang='lat' dir='ltr'>toto</span> <span class='ocrx_word' id='word_1_47' title='bbox 717 711 859 758; x_wconf 82' lang='lat' dir='ltr'>Coelo</span> <span class='ocrx_word' id='word_1_48' title='bbox 882 705 1131 755; x_wconf 82' lang='lat' dir='ltr'>diffimile?</span> 
     </span>
     <span class='ocr_line' id='line_1_11' title="bbox 277 774 1129 838; baseline -0.006 -15"><span class='ocrx_word' id='word_1_49' title='bbox 277 792 363 838; x_wconf 86' lang='lat' dir='ltr'>age</span> <span class='ocrx_word' id='word_1_50' title='bbox 401 792 457 822; x_wconf 83' lang='lat' dir='ltr'>an</span> <span class='ocrx_word' id='word_1_51' title='bbox 493 775 777 822; x_wconf 82' lang='lat' dir='ltr'>conformius</span> <span class='ocrx_word' id='word_1_52' title='bbox 808 775 898 821; x_wconf 85' lang='lat' dir='ltr'>hoc</span> <span class='ocrx_word' id='word_1_53' title='bbox 932 774 1129 828; x_wconf 85' lang='lat' dir='ltr'>rationi,</span> 
     </span>
     <span class='ocr_line' id='line_1_12' title="bbox 275 839 1130 904; baseline -0.004 -17"><span class='ocrx_word' id='word_1_54' title='bbox 275 839 408 904; x_wconf 70' lang='lat' dir='ltr'>quod</span> <span class='ocrx_word' id='word_1_55' title='bbox 431 844 570 889; x_wconf 79' lang='lat' dir='ltr'>Bruta</span> <span class='ocrx_word' id='word_1_56' title='bbox 591 877 603 895; x_wconf 82' lang='lat'>‚</span> <span class='ocrx_word' id='word_1_57' title='bbox 641 855 739 902; x_wconf 81' lang='lat' dir='ltr'>quae</span> <span class='ocrx_word' id='word_1_58' title='bbox 763 839 974 886; x_wconf 84' lang='lat' dir='ltr'>videmus</span> <span class='ocrx_word' id='word_1_59' title='bbox 990 877 1003 895; x_wconf 91' lang='lat'>‚</span> <span class='ocrx_word' id='word_1_60' title='bbox 1035 853 1130 885; x_wconf 89' lang='lat' dir='ltr'>non</span> 
     </span>
     <span class='ocr_line' id='line_1_13' title="bbox 275 903 1130 968; baseline -0.006 -15"><span class='ocrx_word' id='word_1_61' title='bbox 275 919 489 968; x_wconf 83' lang='lat' dir='ltr'>appetere</span> <span class='ocrx_word' id='word_1_62' title='bbox 509 904 665 951; x_wconf 83' lang='lat' dir='ltr'>media</span> <span class='ocrx_word' id='word_1_63' title='bbox 689 941 702 960; x_wconf 88' lang='lat'><strong>,</strong></span> <span class='ocrx_word' id='word_1_64' title='bbox 744 903 823 951; x_wconf 85' lang='lat' dir='ltr'>nisi</span> <span class='ocrx_word' id='word_1_65' title='bbox 850 905 1130 966; x_wconf 73' lang='lat' dir='ltr'>praecognito</span> 
     </span>
     <span class='ocr_line' id='line_1_14' title="bbox 273 966 1128 1032; baseline -0.006 -14"><span class='ocrx_word' id='word_1_66' title='bbox 273 970 367 1019; x_wconf 90' lang='lat' dir='ltr'>fine</span> <span class='ocrx_word' id='word_1_67' title='bbox 392 988 405 1029; x_wconf 91' lang='lat'>;</span> <span class='ocrx_word' id='word_1_68' title='bbox 461 986 561 1032; x_wconf 74' lang='lat' dir='ltr'>quae</span> <span class='ocrx_word' id='word_1_69' title='bbox 587 971 817 1016; x_wconf 85' lang='lat' dir='ltr'>cernimus</span> <span class='ocrx_word' id='word_1_70' title='bbox 839 1007 855 1026; x_wconf 83' lang='lat'>,</span> <span class='ocrx_word' id='word_1_71' title='bbox 910 966 1128 1014; x_wconf 83' lang='lat' dir='ltr'>affumere</span> 
     </span>
     <span class='ocr_line' id='line_1_15' title="bbox 273 1030 1126 1096; baseline -0.006 -13"><span class='ocrx_word' id='word_1_72' title='bbox 273 1038 435 1083; x_wconf 82' lang='lat' dir='ltr'>utilius</span> <span class='ocrx_word' id='word_1_73' title='bbox 458 1034 663 1082; x_wconf 88' lang='lat' dir='ltr'>medium</span> <span class='ocrx_word' id='word_1_74' title='bbox 688 1049 775 1096; x_wconf 77' lang='lat' dir='ltr'>prae</span> <span class='ocrx_word' id='word_1_75' title='bbox 799 1030 954 1080; x_wconf 68' lang='lat' dir='ltr'>minus</span> <span class='ocrx_word' id='word_1_76' title='bbox 986 1034 1126 1091; x_wconf 76' lang='lat' dir='ltr'>utili5</span> 
     </span>
     <span class='ocr_line' id='line_1_16' title="bbox 274 1095 1127 1163; baseline -0.005 -16"><span class='ocrx_word' id='word_1_77' title='bbox 274 1116 374 1163; x_wconf 78' lang='lat' dir='ltr'>quae</span> <span class='ocrx_word' id='word_1_78' title='bbox 387 1097 510 1147; x_wconf 78' lang='lat' dir='ltr'>hisce</span> <span class='ocrx_word' id='word_1_79' title='bbox 524 1101 673 1146; x_wconf 81' lang='lat' dir='ltr'>oculis</span> <span class='ocrx_word' id='word_1_80' title='bbox 686 1103 917 1146; x_wconf 81' lang='lat' dir='ltr'>intuemur</span> <span class='ocrx_word' id='word_1_81' title='bbox 931 1136 944 1154; x_wconf 86' lang='lat'>,</span> <span class='ocrx_word' id='word_1_82' title='bbox 967 1095 1127 1144; x_wconf 86' lang='lat' dir='ltr'>discer-</span> 
     </span>
     <span class='ocr_line' id='line_1_17' title="bbox 273 1165 1126 1226; baseline -0.004 -14"><span class='ocrx_word' id='word_1_83' title='bbox 273 1182 380 1213; x_wconf 87' lang='lat' dir='ltr'>nere</span> <span class='ocrx_word' id='word_1_84' title='bbox 398 1165 423 1212; x_wconf 73' lang='lat' dir='ltr'>a</span> <span class='ocrx_word' id='word_1_85' title='bbox 443 1166 586 1211; x_wconf 84' lang='lat' dir='ltr'>noxio</span> <span class='ocrx_word' id='word_1_86' title='bbox 602 1165 718 1211; x_wconf 88' lang='lat' dir='ltr'>utile</span> <span class='ocrx_word' id='word_1_87' title='bbox 736 1201 751 1220; x_wconf 89' lang='lat'>,</span> <span class='ocrx_word' id='word_1_88' title='bbox 791 1180 844 1210; x_wconf 90' lang='lat' dir='ltr'>an</span> <span class='ocrx_word' id='word_1_89' title='bbox 864 1200 877 1220; x_wconf 90' lang='lat'><strong>,</strong></span> <span class='ocrx_word' id='word_1_90' title='bbox 912 1166 1126 1226; x_wconf 85' lang='lat' dir='ltr'>inquam,</span> 
     </span>
     <span class='ocr_line' id='line_1_18' title="bbox 274 1227 1128 1290; baseline -0.006 -12"><span class='ocrx_word' id='word_1_91' title='bbox 274 1231 565 1278; x_wconf 80' lang='lat' dir='ltr'>conformius</span> <span class='ocrx_word' id='word_1_92' title='bbox 600 1230 690 1276; x_wconf 85' lang='lat' dir='ltr'>hoc</span> <span class='ocrx_word' id='word_1_93' title='bbox 720 1231 889 1276; x_wconf 82' lang='lat' dir='ltr'>rationi</span> <span class='ocrx_word' id='word_1_94' title='bbox 914 1266 934 1285; x_wconf 83' lang='lat'>‚.</span> <span class='ocrx_word' id='word_1_95' title='bbox 996 1227 1128 1290; x_wconf 87' lang='lat' dir='ltr'>quod</span> 
     </span>
     <span class='ocr_line' id='line_1_19' title="bbox 273 1291 1126 1357; baseline -0.004 -15"><span class='ocrx_word' id='word_1_96' title='bbox 273 1309 541 1357; x_wconf 78' lang='lat' dir='ltr'>nonagant‚</span> <span class='ocrx_word' id='word_1_97' title='bbox 563 1294 644 1341; x_wconf 83' lang='lat' dir='ltr'>nisi</span> <span class='ocrx_word' id='word_1_98' title='bbox 657 1310 735 1356; x_wconf 89' lang='lat' dir='ltr'>per</span> <span class='ocrx_word' id='word_1_99' title='bbox 753 1291 990 1342; x_wconf 60' lang='lat' dir='ltr'>insti-xifius</span> <span class='ocrx_word' id='word_1_100' title='bbox 1006 1292 1126 1355; x_wconf 84' lang='lat' dir='ltr'>syrn-</span> 
     </span>
     <span class='ocr_line' id='line_1_20' title="bbox 277 1356 1128 1425; baseline -0.005 -17"><span class='ocrx_word' id='word_1_101' title='bbox 277 1362 489 1425; x_wconf 85' lang='lat' dir='ltr'>pathicos</span> <span class='ocrx_word' id='word_1_102' title='bbox 510 1362 524 1407; x_wconf 87' lang='lat'>?</span> <span class='ocrx_word' id='word_1_103' title='bbox 575 1361 733 1421; x_wconf 81' lang='lat' dir='ltr'>Superi</span> <span class='ocrx_word' id='word_1_104' title='bbox 756 1356 766 1405; x_wconf 91' lang='lat'>!</span> <span class='ocrx_word' id='word_1_105' title='bbox 814 1375 914 1420; x_wconf 78' lang='lat' dir='ltr'>quae</span> <span class='ocrx_word' id='word_1_106' title='bbox 947 1357 1128 1421; x_wconf 80' lang='lat' dir='ltr'>sympa-</span> 
     </span>
     <span class='ocr_line' id='line_1_21' title="bbox 274 1424 1127 1486; baseline -0.005 -13"><span class='ocrx_word' id='word_1_107' title='bbox 274 1427 371 1473; x_wconf 86' lang='lat' dir='ltr'>thia</span> <span class='ocrx_word' id='word_1_108' title='bbox 390 1426 444 1472; x_wconf 89' lang='lat' dir='ltr'>ad</span> <span class='ocrx_word' id='word_1_109' title='bbox 471 1426 645 1472; x_wconf 74' lang='lat' dir='ltr'>famem</span> <span class='ocrx_word' id='word_1_110' title='bbox 663 1461 675 1480; x_wconf 92' lang='lat'>‚</span> <span class='ocrx_word' id='word_1_111' title='bbox 711 1440 802 1486; x_wconf 81' lang='lat' dir='ltr'>qua</span> <span class='ocrx_word' id='word_1_112' title='bbox 830 1425 1043 1472; x_wconf 67' lang='lat' dir='ltr'>Hirun&#39;do</span> <span class='ocrx_word' id='word_1_113' title='bbox 1066 1424 1127 1470; x_wconf 90' lang='lat' dir='ltr'>ci-</span> 
     </span>
     <span class='ocr_line' id='line_1_22' title="bbox 274 1486 1128 1546; baseline -0.005 -8"><span class='ocrx_word' id='word_1_114' title='bbox 274 1493 389 1539; x_wconf 83' lang='lat' dir='ltr'>bum</span> <span class='ocrx_word' id='word_1_115' title='bbox 407 1491 635 1538; x_wconf 72' lang='lat' dir='ltr'>famelicis</span> <span class='ocrx_word' id='word_1_116' title='bbox 652 1489 800 1536; x_wconf 83' lang='lat' dir='ltr'>defert</span> <span class='ocrx_word' id='word_1_117' title='bbox 832 1527 845 1546; x_wconf 83' lang='lat'>‚</span> <span class='ocrx_word' id='word_1_118' title='bbox 883 1506 967 1537; x_wconf 88' lang='lat' dir='ltr'>nec</span> <span class='ocrx_word' id='word_1_119' title='bbox 999 1486 1128 1537; x_wconf 80' lang='lat' dir='ltr'>abfu-</span> 
     </span>
     <span class='ocr_line' id='line_1_23' title="bbox 272 1553 1128 1619; baseline -0.004 -15"><span class='ocrx_word' id='word_1_120' title='bbox 272 1558 386 1612; x_wconf 90' lang='lat' dir='ltr'>mit,</span> <span class='ocrx_word' id='word_1_121' title='bbox 407 1553 498 1619; x_wconf 86' lang='lat' dir='ltr'>ipsa</span> <span class='ocrx_word' id='word_1_122' title='bbox 511 1556 648 1618; x_wconf 78' lang='lat' dir='ltr'>pullis</span> <span class='ocrx_word' id='word_1_123' title='bbox 671 1554 886 1602; x_wconf 83' lang='lat' dir='ltr'>omnibus</span> <span class='ocrx_word' id='word_1_124' title='bbox 898 1558 1044 1617; x_wconf 77' lang='lat' dir='ltr'>magis</span> <span class='ocrx_word' id='word_1_125' title='bbox 1059 1555 1128 1601; x_wconf 81' lang='lat' dir='ltr'>fa-</span> 
     </span>
     <span class='ocr_line' id='line_1_24' title="bbox 271 1616 1127 1684; baseline -0.005 -14"><span class='ocrx_word' id='word_1_126' title='bbox 271 1623 436 1670; x_wconf 82' lang='lat' dir='ltr'>melica</span> <span class='ocrx_word' id='word_1_127' title='bbox 457 1622 473 1667; x_wconf 89' lang='lat'>?</span> <span class='ocrx_word' id='word_1_128' title='bbox 510 1622 589 1683; x_wconf 78' lang='lat' dir='ltr'>qui</span> <span class='ocrx_word' id='word_1_129' title='bbox 607 1616 866 1675; x_wconf 52' lang='lat' dir='ltr'>minutius,</span> <span class='ocrx_word' id='word_1_130' title='bbox 889 1636 984 1684; x_wconf 80' lang='lat' dir='ltr'>quo</span> <span class='ocrx_word' id='word_1_131' title='bbox 1005 1620 1127 1667; x_wconf 81' lang='lat' dir='ltr'>canis</span> 
     </span>
     <span class='ocr_line' id='line_1_25' title="bbox 273 1686 1128 1747; baseline -0.005 -13"><span class='ocrx_word' id='word_1_132' title='bbox 273 1687 330 1735; x_wconf 84' lang='lat' dir='ltr'>ad</span> <span class='ocrx_word' id='word_1_133' title='bbox 352 1686 607 1734; x_wconf 68' lang='lat' dir='ltr'>Venatoris</span> <span class='ocrx_word' id='word_1_134' title='bbox 635 1686 884 1747; x_wconf 80' lang='lat' dir='ltr'>imperium</span> <span class='ocrx_word' id='word_1_135' title='bbox 915 1701 1029 1732; x_wconf 84' lang='lat' dir='ltr'>mox</span> <span class='ocrx_word' id='word_1_136' title='bbox 1058 1701 1128 1730; x_wconf 89' lang='lat' dir='ltr'>re-</span> 
     </span>
     <span class='ocr_line' id='line_1_26' title="bbox 270 1746 1130 1814; baseline -0.006 -15"><span class='ocrx_word' id='word_1_137' title='bbox 270 1752 766 1814; x_wconf 60' lang='lat' dir='ltr'>linqu³tferam,q0uam-</span> <span class='ocrx_word' id='word_1_138' title='bbox 774 1752 896 1811; x_wconf 87' lang='lat' dir='ltr'>prius</span> <span class='ocrx_word' id='word_1_139' title='bbox 912 1746 1130 1797; x_wconf 67' lang='lat' dir='ltr'>instinehi</span> 
     </span>
     <span class='ocr_line' id='line_1_27' title="bbox 273 1812 1127 1877; baseline -0.007 -11"><span class='ocrx_word' id='word_1_140' title='bbox 273 1812 536 1866; x_wconf 78' lang='lat' dir='ltr'>avidiffimo</span> <span class='ocrx_word' id='word_1_141' title='bbox 563 1812 916 1877; x_wconf 68' lang='lat' dir='ltr'><strong>persequebatur</strong></span> <span class='ocrx_word' id='word_1_142' title='bbox 944 1817 959 1863; x_wconf 89' lang='lat'>?</span> <span class='ocrx_word' id='word_1_143' title='bbox 997 1830 1127 1862; x_wconf 91' lang='lat' dir='ltr'>ever-</span> 
     </span>
     <span class='ocr_line' id='line_1_28' title="bbox 274 1882 1128 1943; baseline -0.006 -12"><span class='ocrx_word' id='word_1_144' title='bbox 274 1896 399 1931; x_wconf 81' lang='lat' dir='ltr'>tatur</span> <span class='ocrx_word' id='word_1_145' title='bbox 423 1882 589 1929; x_wconf 70' lang='lat' dir='ltr'>Heoeie</span> <span class='ocrx_word' id='word_1_146' title='bbox 613 1882 849 1941; x_wconf 67' lang='lat' dir='ltr'>Pei-ipatus</span> <span class='ocrx_word' id='word_1_147' title='bbox 876 1918 894 1937; x_wconf 71' lang='lat'><strong>,</strong></span> <span class='ocrx_word' id='word_1_148' title='bbox 938 1891 1128 1943; x_wconf 88' lang='lat' dir='ltr'>pereant</span> 
     </span>
     <span class='ocr_line' id='line_1_29' title="bbox 270 1944 1126 2007; baseline -0.007 -10"><span class='ocrx_word' id='word_1_149' title='bbox 270 1949 461 1998; x_wconf 54' lang='lat' dir='ltr'>Athen-c</span> <span class='ocrx_word' id='word_1_150' title='bbox 474 1984 487 2002; x_wconf 86' lang='lat'>,</span> <span class='ocrx_word' id='word_1_151' title='bbox 516 1946 547 1993; x_wconf 84' lang='lat' dir='ltr'>fi</span> <span class='ocrx_word' id='word_1_152' title='bbox 567 1961 660 1992; x_wconf 87' lang='lat' dir='ltr'>non</span> <span class='ocrx_word' id='word_1_153' title='bbox 684 1944 768 1992; x_wconf 72' lang='lat' dir='ltr'>niti</span> <span class='ocrx_word' id='word_1_154' title='bbox 777 1961 863 2007; x_wconf 63' lang='lat' dir='ltr'>per&gt;</span> <span class='ocrx_word' id='word_1_155' title='bbox 878 1961 1021 1993; x_wconf 56' lang='lat' dir='ltr'>caecos·</span> <span class='ocrx_word' id='word_1_156' title='bbox 1036 1947 1126 1992; x_wconf 74' lang='lat' dir='ltr'>iin-</span> 
     </span>
     <span class='ocr_line' id='line_1_30' title="bbox 268 2007 1125 2077; baseline -0.005 -17"><span class='ocrx_word' id='word_1_157' title='bbox 268 2026 406 2077; x_wconf 84' lang='lat' dir='ltr'>petus</span> <span class='ocrx_word' id='word_1_158' title='bbox 454 2010 608 2059; x_wconf 87' lang='lat' dir='ltr'>nostra</span> <span class='ocrx_word' id='word_1_159' title='bbox 661 2007 866 2058; x_wconf 80' lang='lat' dir='ltr'>discurrit</span> <span class='ocrx_word' id='word_1_160' title='bbox 916 2007 1125 2068; x_wconf 68' lang='lat' dir='ltr'>Philoso-</span> 
     </span>
     <span class='ocr_line' id='line_1_31' title="bbox 271 2072 1123 2141; baseline -0.004 -17"><span class='ocrx_word' id='word_1_161' title='bbox 271 2079 395 2141; x_wconf 74' lang='lat' dir='ltr'>phia.</span> <span class='ocrx_word' id='word_1_162' title='bbox 500 2079 699 2138; x_wconf 84' lang='lat' dir='ltr'>Impune·</span> <span class='ocrx_word' id='word_1_163' title='bbox 733 2072 821 2122; x_wconf 62' lang='lat' dir='ltr'>suis</span> <span class='ocrx_word' id='word_1_164' title='bbox 857 2078 1123 2124; x_wconf 81' lang='lat' dir='ltr'>Automatis</span> 
     </span>
     <span class='ocr_line' id='line_1_32' title="bbox 269 2139 1123 2203; baseline -0.002 -13"><span class='ocrx_word' id='word_1_165' title='bbox 269 2142 556 2203; x_wconf 55' lang='lat' dir='ltr'>triumphare</span> <span class='ocrx_word' id='word_1_166' title='bbox 578 2142 668 2200; x_wconf 87' lang='lat' dir='ltr'>jam</span> <span class='ocrx_word' id='word_1_167' title='bbox 691 2139 842 2203; x_wconf 81' lang='lat' dir='ltr'>potest</span> <span class='ocrx_word' id='word_1_168' title='bbox 859 2140 1087 2190; x_wconf 81' lang='lat' dir='ltr'>Cartefius</span> <span class='ocrx_word' id='word_1_169' title='bbox 1107 2156 1123 2199; x_wconf 81' lang='lat'><em>3</em></span> 
     </span>
     <span class='ocr_line' id='line_1_33' title="bbox 277 2205 1125 2269; baseline -0.001 -16"><span class='ocrx_word' id='word_1_170' title='bbox 277 2212 381 2269; x_wconf 71' lang='lat' dir='ltr'>quis</span> <span class='ocrx_word' id='word_1_171' title='bbox 409 2207 696 2268; x_wconf 54' lang='lat' dir='ltr'>impugnabit</span> <span class='ocrx_word' id='word_1_172' title='bbox 717 2242 730 2262; x_wconf 91' lang='lat'>‚</span> <span class='ocrx_word' id='word_1_173' title='bbox 766 2205 845 2253; x_wconf 71' lang='lat' dir='ltr'>nisi</span> <span class='ocrx_word' id='word_1_174' title='bbox 865 2206 992 2269; x_wconf 82' lang='lat' dir='ltr'>quod</span> <span class='ocrx_word' id='word_1_175' title='bbox 1012 2221 1125 2268; x_wconf 90' lang='lat' dir='ltr'>ope-</span> 
     </span>
     <span class='ocr_line' id='line_1_34' title="bbox 276 2268 1128 2334; baseline -0.004 -14"><span class='ocrx_word' id='word_1_176' title='bbox 276 2274 480 2320; x_wconf 60' lang='lat' dir='ltr'>rationas</span> <span class='ocrx_word' id='word_1_177' title='bbox 525 2268 691 2317; x_wconf 52' lang='lat' dir='ltr'>nostris</span> <span class='ocrx_word' id='word_1_178' title='bbox 723 2272 924 2334; x_wconf 69' lang='lat' dir='ltr'>analogre</span> <span class='ocrx_word' id='word_1_179' title='bbox 961 2271 1128 2333; x_wconf 83' lang='lat' dir='ltr'>princi—</span> 
     </span>
     <span class='ocr_line' id='line_1_35' title="bbox 276 2336 1128 2400; baseline -0.002 -17"><span class='ocrx_word' id='word_1_180' title='bbox 276 2339 411 2400; x_wconf 78' lang='lat' dir='ltr'>pium</span> <span class='ocrx_word' id='word_1_181' title='bbox 446 2347 635 2398; x_wconf 79' lang='lat' dir='ltr'>arguant</span> <span class='ocrx_word' id='word_1_182' title='bbox 676 2336 1128 2398; x_wconf 64' lang='lat' dir='ltr'>proportionatum?</span> 
     </span>
     <span class='ocr_line' id='line_1_36' title="bbox 277 2402 1125 2464; baseline 0 -17"><span class='ocrx_word' id='word_1_183' title='bbox 277 2404 384 2464; x_wconf 85' lang='lat' dir='ltr'>quis</span> <span class='ocrx_word' id='word_1_184' title='bbox 422 2402 726 2462; x_wconf 71' lang='lat' dir='ltr'>propugnabit</span> <span class='ocrx_word' id='word_1_185' title='bbox 759 2403 1024 2448; x_wconf 58' lang='lat' dir='ltr'>animalssum</span> <span class='ocrx_word' id='word_1_186' title='bbox 1055 2402 1125 2447; x_wconf 92' lang='lat' dir='ltr'>vi-</span> 
     </span>
     <span class='ocr_line' id='line_1_37' title="bbox 277 2464 1127 2528; baseline 0.001 -15"><span class='ocrx_word' id='word_1_187' title='bbox 277 2478 373 2513; x_wconf 88' lang='lat' dir='ltr'>tam</span> <span class='ocrx_word' id='word_1_188' title='bbox 395 2465 471 2512; x_wconf 76' lang='lat' dir='ltr'>n⁷si</span> <span class='ocrx_word' id='word_1_189' title='bbox 500 2464 631 2527; x_wconf 59' lang='lat' dir='ltr'>quod</span> <span class='ocrx_word' id='word_1_190' title='bbox 658 2465 814 2528; x_wconf 84' lang='lat' dir='ltr'>agendi</span> <span class='ocrx_word' id='word_1_191' title='bbox 844 2466 1011 2514; x_wconf 87' lang='lat' dir='ltr'>modus</span> <span class='ocrx_word' id='word_1_192' title='bbox 1036 2465 1127 2514; x_wconf 78' lang='lat' dir='ltr'>fine</span> 
     </span>
     <span class='ocr_line' id='line_1_38' title="bbox 274 2527 1123 2592; baseline 0.002 -16"><span class='ocrx_word' id='word_1_193' title='bbox 274 2532 372 2578; x_wconf 87' lang='lat' dir='ltr'>vita</span> <span class='ocrx_word' id='word_1_194' title='bbox 395 2532 603 2592; x_wconf 69' lang='lat' dir='ltr'>explicari</span> <span class='ocrx_word' id='word_1_195' title='bbox 628 2547 720 2576; x_wconf 77' lang='lat' dir='ltr'>non</span> <span class='ocrx_word' id='word_1_196' title='bbox 746 2527 904 2592; x_wconf 71' lang='lat' dir='ltr'>possit,</span> <span class='ocrx_word' id='word_1_197' title='bbox 943 2544 1123 2592; x_wconf 78' lang='lat' dir='ltr'>praeter-</span> 
     </span>
    </p>

    <p class='ocr_par' dir='ltr' id='par_1_3' title="bbox 308 2595 1125 2656">
     <span class='ocr_line' id='line_1_39' title="bbox 308 2595 1125 2656; baseline 0.002 -14"><span class='ocrx_word' id='word_1_198' title='bbox 308 2610 416 2642; x_wconf 84' lang='lat' dir='ltr'>uam</span> <span class='ocrx_word' id='word_1_199' title='bbox 437 2596 490 2641; x_wconf 85' lang='lat' dir='ltr'>ab</span> <span class='ocrx_word' id='word_1_200' title='bbox 505 2597 555 2641; x_wconf 88' lang='lat' dir='ltr'>iis</span> <span class='ocrx_word' id='word_1_201' title='bbox 569 2597 642 2656; x_wconf 83' lang='lat' dir='ltr'>qni</span> <span class='ocrx_word' id='word_1_202' title='bbox 661 2595 795 2643; x_wconf 52' lang='lat' dir='ltr'>sinan</span> <span class='ocrx_word' id='word_1_203' title='bbox 817 2595 926 2650; x_wconf 72' lang='lat' dir='ltr'>vita,</span> <span class='ocrx_word' id='word_1_204' title='bbox 946 2600 1125 2644; x_wconf 83' lang='lat' dir='ltr'>ratione</span> 
     </span>
    </p>

    <p class='ocr_par' dir='ltr' id='par_1_4' title="bbox 302 2657 1011 2710">
     <span class='ocr_line' id='line_1_40' title="bbox 302 2657 1011 2710; baseline -0.001 0"><span class='ocrx_word' id='word_1_205' title='bbox 302 2663 436 2710; x_wconf 78' lang='lat' dir='ltr'>&#39;item</span> <span class='ocrx_word' id='word_1_206' title='bbox 452 2657 636 2710; x_wconf 76' lang='lat' dir='ltr'>destitui</span> <span class='ocrx_word' id='word_1_207' title='bbox 658 2662 1011 2710; x_wconf 73' lang='lat' dir='ltr'>convincuntur.</span> 
     </span>
    </p>
   </div>
   <div class='ocr_carea' id='block_1_3' title="bbox 927 77 1435 133">
    <p class='ocr_par' dir='ltr' id='par_1_5' title="bbox 927 77 1435 133">
     <span class='ocr_line' id='line_1_41' title="bbox 927 77 1435 133; baseline -0.012 -7"><span class='ocrx_word' id='word_1_208' title='bbox 927 77 1154 133; x_wconf 75' lang='lat' dir='ltr'>Academia</span> <span class='ocrx_word' id='word_1_209' title='bbox 1193 78 1435 121; x_wconf 66' lang='lat' dir='ltr'>Brutorum.</span> 
     </span>
    </p>
   </div>
   <div class='ocr_carea' id='block_1_4' title="bbox 1183 187 2050 901">
    <p class='ocr_par' dir='ltr' id='par_1_6' title="bbox 1183 187 2050 901">
     <span class='ocr_line' id='line_1_42' title="bbox 1248 187 2028 250; baseline -0.008 -10"><span class='ocrx_word' id='word_1_210' title='bbox 1248 196 1364 240; x_wconf 88' lang='lat' dir='ltr'>ME</span> <span class='ocrx_word' id='word_1_211' title='bbox 1373 195 1424 237; x_wconf 89' lang='lat' dir='ltr'>L.</span> <span class='ocrx_word' id='word_1_212' title='bbox 1478 190 1728 238; x_wconf 69' lang='lat' dir='ltr'>Enimvero</span> <span class='ocrx_word' id='word_1_213' title='bbox 1752 187 1789 238; x_wconf 74' lang='lat' dir='ltr'>si</span> <span class='ocrx_word' id='word_1_214' title='bbox 1817 201 1910 237; x_wconf 84' lang='lat' dir='ltr'>tam</span> <span class='ocrx_word' id='word_1_215' title='bbox 1940 204 2028 250; x_wconf 81' lang='lat' dir='ltr'>po-</span> 
     </span>
     <span class='ocr_line' id='line_1_43' title="bbox 1185 253 2026 317; baseline -0.002 -16"><span class='ocrx_word' id='word_1_216' title='bbox 1185 265 1357 310; x_wconf 83' lang='lat' dir='ltr'><strong>tenter,</strong></span> <span class='ocrx_word' id='word_1_217' title='bbox 1390 255 1530 317; x_wconf 76' lang='lat' dir='ltr'>quam</span> <span class='ocrx_word' id='word_1_218' title='bbox 1543 257 1772 302; x_wconf 85' lang='lat' dir='ltr'><strong>ferventer</strong></span> <span class='ocrx_word' id='word_1_219' title='bbox 1790 292 1803 310; x_wconf 87' lang='lat'>‚</span> <span class='ocrx_word' id='word_1_220' title='bbox 1839 271 1921 316; x_wconf 88' lang='lat' dir='ltr'>pro</span> <span class='ocrx_word' id='word_1_221' title='bbox 1939 253 2026 300; x_wconf 73' lang='lat' dir='ltr'>do-</span> 
     </span>
     <span class='ocr_line' id='line_1_44' title="bbox 1185 318 2031 382; baseline -0.004 -16"><span class='ocrx_word' id='word_1_222' title='bbox 1185 334 1267 366; x_wconf 89' lang='lat' dir='ltr'>mo</span> <span class='ocrx_word' id='word_1_223' title='bbox 1308 332 1386 366; x_wconf 78' lang='lat' dir='ltr'>tua</span> <span class='ocrx_word' id='word_1_224' title='bbox 1413 322 1573 367; x_wconf 87' lang='lat' dir='ltr'>Cicero</span> <span class='ocrx_word' id='word_1_225' title='bbox 1605 318 1849 382; x_wconf 71' lang='lat' dir='ltr'>perorasses</span> <span class='ocrx_word' id='word_1_226' title='bbox 1880 320 2031 364; x_wconf 76' lang='lat' dir='ltr'>mani-</span> 
     </span>
     <span class='ocr_line' id='line_1_45' title="bbox 1185 380 2032 447; baseline -0.001 -16"><span class='ocrx_word' id='word_1_227' title='bbox 1185 386 1273 431; x_wconf 84' lang='lat' dir='ltr'>bus</span> <span class='ocrx_word' id='word_1_228' title='bbox 1293 421 1307 441; x_wconf 90' lang='lat'>‚</span> <span class='ocrx_word' id='word_1_229' title='bbox 1349 380 1639 447; x_wconf 74' lang='lat' dir='ltr'>pedibusque</span> <span class='ocrx_word' id='word_1_230' title='bbox 1673 386 1721 431; x_wconf 82' lang='lat' dir='ltr'>in</span> <span class='ocrx_word' id='word_1_231' title='bbox 1754 399 1885 432; x_wconf 85' lang='lat' dir='ltr'>tuam</span> <span class='ocrx_word' id='word_1_232' title='bbox 1915 386 2032 430; x_wconf 80' lang='lat' dir='ltr'>irem</span> 
     </span>
     <span class='ocr_line' id='line_1_46' title="bbox 1188 448 2050 497; baseline -0.001 -2"><span class='ocrx_word' id='word_1_233' title='bbox 1188 451 1488 496; x_wconf 85' lang='lat' dir='ltr'>Sententiam.</span> <span class='ocrx_word' id='word_1_234' title='bbox 1557 448 1645 496; x_wconf 89' lang='lat' dir='ltr'>Sed</span> <span class='ocrx_word' id='word_1_235' title='bbox 1662 461 1767 497; x_wconf 89' lang='lat' dir='ltr'>utut</span> <span class='ocrx_word' id='word_1_236' title='bbox 1787 465 1883 496; x_wconf 85' lang='lat' dir='ltr'>nort</span> <span class='ocrx_word' id='word_1_237' title='bbox 1901 449 2050 495; x_wconf 73' lang='lat' dir='ltr'>dixe-·</span> 
     </span>
     <span class='ocr_line' id='line_1_47' title="bbox 1188 514 2034 576; baseline 0 -16"><span class='ocrx_word' id='word_1_238' title='bbox 1188 515 1248 560; x_wconf 86' lang='lat' dir='ltr'>ris</span> <span class='ocrx_word' id='word_1_239' title='bbox 1270 514 1381 561; x_wconf 86' lang='lat' dir='ltr'>nihil</span> <span class='ocrx_word' id='word_1_240' title='bbox 1396 550 1408 569; x_wconf 91' lang='lat'>‚</span> <span class='ocrx_word' id='word_1_241' title='bbox 1443 525 1732 569; x_wconf 83' lang='lat' dir='ltr'>nontamen,</span> <span class='ocrx_word' id='word_1_242' title='bbox 1756 530 1830 560; x_wconf 91' lang='lat' dir='ltr'>me</span> <span class='ocrx_word' id='word_1_243' title='bbox 1849 514 2034 576; x_wconf 78' lang='lat' dir='ltr'>Judice,</span> 
     </span>
     <span class='ocr_line' id='line_1_48' title="bbox 1188 576 2033 627; baseline -0.001 -3"><span class='ocrx_word' id='word_1_244' title='bbox 1188 576 1505 625; x_wconf 79' lang='lat' dir='ltr'>dixistitotuni</span> <span class='ocrx_word' id='word_1_245' title='bbox 1532 580 1547 624; x_wconf 91' lang='lat'>?</span> <span class='ocrx_word' id='word_1_246' title='bbox 1584 582 1770 627; x_wconf 82' lang='lat' dir='ltr'>Naturae</span> <span class='ocrx_word' id='word_1_247' title='bbox 1791 580 2033 625; x_wconf 83' lang='lat' dir='ltr'>horresin-</span> 
     </span>
     <span class='ocr_line' id='line_1_49' title="bbox 1188 639 2034 705; baseline -0.001 -15"><span class='ocrx_word' id='word_1_248' title='bbox 1188 639 1403 700; x_wconf 62' lang='lat' dir='ltr'>stinc³tus,</span> <span class='ocrx_word' id='word_1_249' title='bbox 1431 645 1606 705; x_wconf 85' lang='lat' dir='ltr'>&amp;ego,</span> <span class='ocrx_word' id='word_1_250' title='bbox 1630 655 1682 690; x_wconf 78' lang='lat' dir='ltr'>ut</span> <span class='ocrx_word' id='word_1_251' title='bbox 1703 643 1875 699; x_wconf 82' lang='lat' dir='ltr'>fatear,</span> <span class='ocrx_word' id='word_1_252' title='bbox 1905 658 2034 689; x_wconf 82' lang='lat' dir='ltr'>aver·</span> 
     </span>
     <span class='ocr_line' id='line_1_50' title="bbox 1188 706 2032 771; baseline -0.002 -16"><span class='ocrx_word' id='word_1_253' title='bbox 1188 706 1286 755; x_wconf 88' lang='lat' dir='ltr'>sor:</span> <span class='ocrx_word' id='word_1_254' title='bbox 1337 707 1449 771; x_wconf 83' lang='lat' dir='ltr'>quid</span> <span class='ocrx_word' id='word_1_255' title='bbox 1474 710 1648 770; x_wconf 83' lang='lat' dir='ltr'>igitur?</span> <span class='ocrx_word' id='word_1_256' title='bbox 1698 724 1754 756; x_wconf 88' lang='lat' dir='ltr'>an</span> <span class='ocrx_word' id='word_1_257' title='bbox 1785 707 2032 755; x_wconf 83' lang='lat' dir='ltr'>admitten-</span> 
     </span>
     <span class='ocr_line' id='line_1_51' title="bbox 1186 770 2035 837; baseline -0.004 -17"><span class='ocrx_word' id='word_1_258' title='bbox 1186 774 1301 820; x_wconf 84' lang='lat' dir='ltr'>dum</span> <span class='ocrx_word' id='word_1_259' title='bbox 1313 771 1462 820; x_wconf 86' lang='lat' dir='ltr'>censes</span> <span class='ocrx_word' id='word_1_260' title='bbox 1486 773 1510 820; x_wconf 77' lang='lat' dir='ltr'>a</span> <span class='ocrx_word' id='word_1_261' title='bbox 1528 775 1683 821; x_wconf 82' lang='lat' dir='ltr'>Brutis</span> <span class='ocrx_word' id='word_1_262' title='bbox 1701 770 1908 837; x_wconf 82' lang='lat' dir='ltr'>cognosci</span> <span class='ocrx_word' id='word_1_263' title='bbox 1935 786 2035 818; x_wconf 89' lang='lat' dir='ltr'>me·</span> 
     </span>
     <span class='ocr_line' id='line_1_52' title="bbox 1183 834 2034 901; baseline -0.005 -15"><span class='ocrx_word' id='word_1_264' title='bbox 1183 839 1258 886; x_wconf 87' lang='lat' dir='ltr'>dia</span> <span class='ocrx_word' id='word_1_265' title='bbox 1289 851 1430 901; x_wconf 83' lang='lat' dir='ltr'>prout</span> <span class='ocrx_word' id='word_1_266' title='bbox 1457 841 1590 887; x_wconf 83' lang='lat' dir='ltr'>utilia</span> <span class='ocrx_word' id='word_1_267' title='bbox 1632 835 1732 887; x_wconf 88' lang='lat' dir='ltr'>sunt</span> <span class='ocrx_word' id='word_1_268' title='bbox 1759 838 1817 886; x_wconf 78' lang='lat' dir='ltr'>ad</span> <span class='ocrx_word' id='word_1_269' title='bbox 1852 834 2034 884; x_wconf 74' lang='lat' dir='ltr'>finem?</span> 
     </span>
    </p>
   </div>
   <div class='ocr_carea' id='block_1_5' title="bbox 1178 902 2034 966">
    <p class='ocr_par' dir='ltr' id='par_1_7' title="bbox 1178 902 2034 966">
     <span class='ocr_line' id='line_1_53' title="bbox 1178 902 2034 966; baseline -0.004 -16"><span class='ocrx_word' id='word_1_270' title='bbox 1178 920 1255 959; x_wconf 86' lang='lat' dir='ltr'>an,</span> <span class='ocrx_word' id='word_1_271' title='bbox 1269 903 1458 964; x_wconf 83' lang='lat' dir='ltr'>judicas,</span> <span class='ocrx_word' id='word_1_272' title='bbox 1475 902 1608 966; x_wconf 74' lang='lat' dir='ltr'>quod</span> <span class='ocrx_word' id='word_1_273' title='bbox 1618 902 1910 966; x_wconf 74' lang='lat' dir='ltr'>apprehensio</span> <span class='ocrx_word' id='word_1_274' title='bbox 1922 908 2034 964; x_wconf 67' lang='lat' dir='ltr'>prat-</span> 
     </span>
    </p>
   </div>
   <div class='ocr_carea' id='block_1_6' title="bbox 1183 967 2036 1095">
    <p class='ocr_par' dir='ltr' id='par_1_8' title="bbox 1183 967 2036 1095">
     <span class='ocr_line' id='line_1_54' title="bbox 1184 967 2036 1031; baseline -0.004 -17"><span class='ocrx_word' id='word_1_275' title='bbox 1184 971 1285 1024; x_wconf 86' lang='lat' dir='ltr'>via,</span> <span class='ocrx_word' id='word_1_276' title='bbox 1320 967 1524 1015; x_wconf 82' lang='lat' dir='ltr'>demedii</span> <span class='ocrx_word' id='word_1_277' title='bbox 1540 972 1866 1031; x_wconf 82' lang='lat' dir='ltr'>proportione,</span> <span class='ocrx_word' id='word_1_278' title='bbox 1885 967 1940 1013; x_wconf 85' lang='lat' dir='ltr'>ad</span> <span class='ocrx_word' id='word_1_279' title='bbox 1959 982 2036 1029; x_wconf 66' lang='lat' dir='ltr'>Ju-</span> 
     </span>
     <span class='ocr_line' id='line_1_55' title="bbox 1183 1034 2033 1095; baseline -0.002 -15"><span class='ocrx_word' id='word_1_280' title='bbox 1183 1034 1354 1080; x_wconf 87' lang='lat' dir='ltr'>dicium</span> <span class='ocrx_word' id='word_1_281' title='bbox 1385 1035 1462 1081; x_wconf 78' lang='lat' dir='ltr'>illa</span> <span class='ocrx_word' id='word_1_282' title='bbox 1491 1034 1770 1082; x_wconf 84' lang='lat' dir='ltr'>determinet</span> <span class='ocrx_word' id='word_1_283' title='bbox 1793 1047 2033 1095; x_wconf 70' lang='lat' dir='ltr'>compara—</span> 
     </span>
    </p>
   </div>
   <div class='ocr_carea' id='block_1_7' title="bbox 1175 1096 2032 1159">
    <p class='ocr_par' dir='ltr' id='par_1_9' title="bbox 1175 1096 2032 1159">
     <span class='ocr_line' id='line_1_56' title="bbox 1175 1096 2032 1159; baseline -0.001 -14"><span class='ocrx_word' id='word_1_284' title='bbox 1175 1100 1371 1159; x_wconf 67' lang='lat' dir='ltr'>tivum?</span> <span class='ocrx_word' id='word_1_285' title='bbox 1421 1114 1476 1144; x_wconf 88' lang='lat' dir='ltr'>an</span> <span class='ocrx_word' id='word_1_286' title='bbox 1508 1099 1564 1145; x_wconf 81' lang='lat' dir='ltr'>ad</span> <span class='ocrx_word' id='word_1_287' title='bbox 1599 1096 1892 1153; x_wconf 79' lang='lat' dir='ltr'>Discursum,</span> <span class='ocrx_word' id='word_1_288' title='bbox 1955 1097 2032 1144; x_wconf 66' lang='grc' dir='ltr'>νεὶ</span> 
     </span>
    </p>
   </div>
   <div class='ocr_carea' id='block_1_8' title="bbox 1178 1162 2038 2774">
    <p class='ocr_par' dir='ltr' id='par_1_10' title="bbox 1178 1162 2038 2774">
     <span class='ocr_line' id='line_1_57' title="bbox 1182 1162 2036 1226; baseline -0.001 -17"><span class='ocrx_word' id='word_1_289' title='bbox 1182 1163 1311 1226; x_wconf 84' lang='lat' dir='ltr'>quod</span> <span class='ocrx_word' id='word_1_290' title='bbox 1333 1163 1438 1210; x_wconf 79' lang='lat' dir='ltr'>inde</span> <span class='ocrx_word' id='word_1_291' title='bbox 1449 1162 1552 1211; x_wconf 77' lang='lat' dir='ltr'>fluit</span> <span class='ocrx_word' id='word_1_292' title='bbox 1566 1202 1579 1219; x_wconf 95' lang='lat'>‚</span> <span class='ocrx_word' id='word_1_293' title='bbox 1602 1162 1877 1213; x_wconf 60' lang='lat' dir='ltr'>elerstionern</span> <span class='ocrx_word' id='word_1_294' title='bbox 1892 1163 2036 1210; x_wconf 81' lang='lat' dir='ltr'>etiarn</span> 
     </span>
     <span class='ocr_line' id='line_1_58' title="bbox 1184 1227 2035 1291; baseline -0.004 -15"><span class='ocrx_word' id='word_1_295' title='bbox 1184 1231 1374 1276; x_wconf 78' lang='lat' dir='ltr'>liberam</span> <span class='ocrx_word' id='word_1_296' title='bbox 1388 1229 1523 1276; x_wconf 87' lang='lat' dir='ltr'>medii</span> <span class='ocrx_word' id='word_1_297' title='bbox 1539 1244 1727 1291; x_wconf 86' lang='lat' dir='ltr'>propter</span> <span class='ocrx_word' id='word_1_298' title='bbox 1737 1227 1904 1277; x_wconf 83' lang='lat' dir='ltr'>finem?</span> <span class='ocrx_word' id='word_1_299' title='bbox 1925 1243 2035 1290; x_wconf 83' lang='lat' dir='ltr'>apa-</span> 
     </span>
     <span class='ocr_line' id='line_1_59' title="bbox 1184 1291 2036 1358; baseline -0.002 -18"><span class='ocrx_word' id='word_1_300' title='bbox 1184 1310 1239 1357; x_wconf 90' lang='lat' dir='ltr'>ge</span> <span class='ocrx_word' id='word_1_301' title='bbox 1253 1292 1454 1341; x_wconf 86' lang='lat' dir='ltr'>monstra</span> <span class='ocrx_word' id='word_1_302' title='bbox 1465 1291 1787 1358; x_wconf 76' lang='lat' dir='ltr'>Philosophiae,</span> <span class='ocrx_word' id='word_1_303' title='bbox 1820 1308 1918 1356; x_wconf 84' lang='lat' dir='ltr'>quae</span> <span class='ocrx_word' id='word_1_304' title='bbox 1937 1307 2036 1339; x_wconf 81' lang='lat' dir='ltr'>non</span> 
     </span>
     <span class='ocr_line' id='line_1_60' title="bbox 1182 1357 2032 1420; baseline -0.004 -14"><span class='ocrx_word' id='word_1_305' title='bbox 1182 1358 1262 1406; x_wconf 91' lang='lat' dir='ltr'>n-is1</span> <span class='ocrx_word' id='word_1_306' title='bbox 1291 1361 1524 1407; x_wconf 81' lang='lat' dir='ltr'>haereticos</span> <span class='ocrx_word' id='word_1_307' title='bbox 1544 1357 1647 1420; x_wconf 83' lang='lat' dir='ltr'>post</span> <span class='ocrx_word' id='word_1_308' title='bbox 1680 1358 1722 1407; x_wconf 88' lang='lat' dir='ltr'>se</span> <span class='ocrx_word' id='word_1_309' title='bbox 1750 1360 1935 1406; x_wconf 86' lang='lat' dir='ltr'>trahunt</span> <span class='ocrx_word' id='word_1_310' title='bbox 1954 1359 2032 1404; x_wconf 86' lang='lat' dir='ltr'>ab·</span> 
     </span>
     <span class='ocr_line' id='line_1_61' title="bbox 1184 1421 2033 1487; baseline -0.004 -16"><span class='ocrx_word' id='word_1_311' title='bbox 1184 1438 1319 1471; x_wconf 82' lang='lat' dir='ltr'>ortus</span> <span class='ocrx_word' id='word_1_312' title='bbox 1346 1422 1357 1471; x_wconf 87' lang='lat'>!</span> <span class='ocrx_word' id='word_1_313' title='bbox 1411 1424 1523 1487; x_wconf 76' lang='lat' dir='ltr'>quid</span> <span class='ocrx_word' id='word_1_314' title='bbox 1550 1421 1839 1472; x_wconf 80' lang='lat' dir='ltr'>sentiendum</span> <span class='ocrx_word' id='word_1_315' title='bbox 1857 1423 2033 1485; x_wconf 73' lang='lat' dir='ltr'>igitur?</span> 
     </span>
     <span class='ocr_line' id='line_1_62' title="bbox 1185 1488 2035 1551; baseline -0.005 -14"><span class='ocrx_word' id='word_1_316' title='bbox 1185 1489 1373 1537; x_wconf 88' lang='lat' dir='ltr'>adverte</span> <span class='ocrx_word' id='word_1_317' title='bbox 1393 1491 1602 1536; x_wconf 83' lang='lat' dir='ltr'>animum</span> <span class='ocrx_word' id='word_1_318' title='bbox 1621 1526 1635 1543; x_wconf 92' lang='lat'>‚</span> <span class='ocrx_word' id='word_1_319' title='bbox 1667 1491 1776 1537; x_wconf 84' lang='lat' dir='ltr'>dum</span> <span class='ocrx_word' id='word_1_320' title='bbox 1801 1489 1952 1551; x_wconf 80' lang='lat' dir='ltr'>paucis</span> <span class='ocrx_word' id='word_1_321' title='bbox 1975 1488 2035 1534; x_wconf 72' lang='lat' dir='ltr'>ti·-</span> 
     </span>
     <span class='ocr_line' id='line_1_63' title="bbox 1181 1551 2035 1617; baseline -0.004 -15"><span class='ocrx_word' id='word_1_322' title='bbox 1181 1556 1228 1602; x_wconf 91' lang='lat' dir='ltr'>bi</span> <span class='ocrx_word' id='word_1_323' title='bbox 1249 1569 1401 1601; x_wconf 82' lang='lat' dir='ltr'>meam</span> <span class='ocrx_word' id='word_1_324' title='bbox 1432 1557 1567 1617; x_wconf 89' lang='lat' dir='ltr'>cupio</span> <span class='ocrx_word' id='word_1_325' title='bbox 1595 1551 1875 1617; x_wconf 56' lang='lat' dir='ltr'>perspectam</span> <span class='ocrx_word' id='word_1_326' title='bbox 1902 1568 2035 1600; x_wconf 75' lang='lat' dir='ltr'>men·</span> 
     </span>
     <span class='ocr_line' id='line_1_64' title="bbox 1184 1619 2030 1674; baseline -0.004 -7"><span class='ocrx_word' id='word_1_327' title='bbox 1184 1623 1247 1668; x_wconf 71' lang='lat' dir='ltr'>te.</span> <span class='ocrx_word' id='word_1_328' title='bbox 1276 1621 1915 1667; x_wconf 72' lang='lat' dir='ltr'>Nivehementermefallunt</span> <span class='ocrx_word' id='word_1_329' title='bbox 1937 1619 2030 1674; x_wconf 82' lang='lat' dir='ltr'>iI-la,</span> 
     </span>
     <span class='ocr_line' id='line_1_65' title="bbox 1183 1679 2032 1748; baseline -0.001 -17"><span class='ocrx_word' id='word_1_330' title='bbox 1183 1699 1282 1748; x_wconf 83' lang='lat' dir='ltr'>quae</span> <span class='ocrx_word' id='word_1_331' title='bbox 1292 1685 1337 1730; x_wconf 86' lang='lat' dir='ltr'>in</span> <span class='ocrx_word' id='word_1_332' title='bbox 1356 1684 1560 1731; x_wconf 86' lang='lat' dir='ltr'>medium</span> <span class='ocrx_word' id='word_1_333' title='bbox 1580 1682 1769 1732; x_wconf 81' lang='lat' dir='ltr'>attulisti</span> <span class='ocrx_word' id='word_1_334' title='bbox 1791 1679 2032 1740; x_wconf 60' lang='lat' dir='ltr'>meientis,</span> 
     </span>
     <span class='ocr_line' id='line_1_66' title="bbox 1183 1747 2034 1811; baseline -0.004 -13"><span class='ocrx_word' id='word_1_335' title='bbox 1183 1751 1359 1798; x_wconf 79' lang='lat' dir='ltr'>homini</span> <span class='ocrx_word' id='word_1_336' title='bbox 1377 1752 1421 1797; x_wconf 87' lang='lat' dir='ltr'>in</span> <span class='ocrx_word' id='word_1_337' title='bbox 1435 1747 1833 1797; x_wconf 75' lang='lat' dir='ltr'>suamsententiam</span> <span class='ocrx_word' id='word_1_338' title='bbox 1846 1765 1938 1796; x_wconf 88' lang='lat' dir='ltr'>non</span> <span class='ocrx_word' id='word_1_339' title='bbox 1951 1764 2034 1811; x_wconf 83' lang='lat' dir='ltr'>pe-</span> 
     </span>
     <span class='ocr_line' id='line_1_67' title="bbox 1181 1812 2036 1871; baseline -0.002 -9"><span class='ocrx_word' id='word_1_340' title='bbox 1181 1814 1308 1862; x_wconf 66' lang='lat' dir='ltr'>nitus</span> <span class='ocrx_word' id='word_1_341' title='bbox 1324 1814 1554 1863; x_wconf 79' lang='lat' dir='ltr'>obstinato</span> <span class='ocrx_word' id='word_1_342' title='bbox 1566 1852 1579 1870; x_wconf 83' lang='lat'>‚</span> <span class='ocrx_word' id='word_1_343' title='bbox 1602 1814 1850 1864; x_wconf 78' lang='lat' dir='ltr'>&amp;suadent</span> <span class='ocrx_word' id='word_1_344' title='bbox 1865 1853 1878 1871; x_wconf 84' lang='lat'>,</span> <span class='ocrx_word' id='word_1_345' title='bbox 1893 1817 1958 1869; x_wconf 84' lang='lat'>&amp;‚</span> <span class='ocrx_word' id='word_1_346' title='bbox 1977 1812 2036 1861; x_wconf 66' lang='lat' dir='ltr'>iit</span> 
     </span>
     <span class='ocr_line' id='line_1_68' title="bbox 1182 1877 2036 1942; baseline -0.002 -15"><span class='ocrx_word' id='word_1_347' title='bbox 1182 1895 1300 1936; x_wconf 88' lang='lat' dir='ltr'>reor,</span> <span class='ocrx_word' id='word_1_348' title='bbox 1321 1877 1605 1942; x_wconf 82' lang='lat' dir='ltr'>persuadent,</span> <span class='ocrx_word' id='word_1_349' title='bbox 1633 1883 1771 1928; x_wconf 81' lang='lat' dir='ltr'>etiam</span> <span class='ocrx_word' id='word_1_350' title='bbox 1784 1880 2036 1928; x_wconf 70' lang='lat' dir='ltr'>abAvicuia</span> 
     </span>
     <span class='ocr_line' id='line_1_69' title="bbox 1182 1941 2033 2009; baseline 0.002 -18"><span class='ocrx_word' id='word_1_351' title='bbox 1182 1961 1277 1992; x_wconf 84' lang='lat' dir='ltr'>non</span> <span class='ocrx_word' id='word_1_352' title='bbox 1290 1942 1473 1993; x_wconf 69' lang='lat' dir='ltr'>tantum</span> <span class='ocrx_word' id='word_1_353' title='bbox 1486 1944 1693 2009; x_wconf 77' lang='lat' dir='ltr'>cognosci</span> <span class='ocrx_word' id='word_1_354' title='bbox 1705 1947 1885 2009; x_wconf 79' lang='lat' dir='ltr'>paleam</span> <span class='ocrx_word' id='word_1_355' title='bbox 1897 1941 1970 1992; x_wconf 84' lang='lat' dir='ltr'>sed</span> <span class='ocrx_word' id='word_1_356' title='bbox 1981 1945 2033 1993; x_wconf 63' lang='grc' dir='ltr'>δὲ</span> 
     </span>
     <span class='ocr_line' id='line_1_70' title="bbox 1179 2005 2031 2073; baseline -0.002 -15"><span class='ocrx_word' id='word_1_357' title='bbox 1179 2013 1547 2058; x_wconf 78' lang='lat' dir='ltr'>convenientiam</span> <span class='ocrx_word' id='word_1_358' title='bbox 1566 2014 1703 2073; x_wconf 75' lang='lat' dir='ltr'>paleae</span> <span class='ocrx_word' id='word_1_359' title='bbox 1734 2010 1791 2059; x_wconf 87' lang='lat' dir='ltr'>ad</span> <span class='ocrx_word' id='word_1_360' title='bbox 1817 2012 1954 2058; x_wconf 87' lang='lat' dir='ltr'>talem</span> <span class='ocrx_word' id='word_1_361' title='bbox 1973 2005 2031 2056; x_wconf 86' lang='lat' dir='ltr'>fr-</span> 
     </span>
     <span class='ocr_line' id='line_1_71' title="bbox 1180 2071 2033 2138; baseline -0.004 -15"><span class='ocrx_word' id='word_1_362' title='bbox 1180 2079 1239 2123; x_wconf 70' lang='lat' dir='ltr'>nr&#39;:</span> <span class='ocrx_word' id='word_1_363' title='bbox 1254 2091 1263 2121; x_wconf 75' lang='grc' dir='ltr'><em>τ</em></span> <span class='ocrx_word' id='word_1_364' title='bbox 1279 2074 1414 2138; x_wconf 69' lang='lat' dir='ltr'>quod</span> <span class='ocrx_word' id='word_1_365' title='bbox 1424 2089 1575 2124; x_wconf 86' lang='lat' dir='ltr'>autem</span> <span class='ocrx_word' id='word_1_366' title='bbox 1587 2078 1676 2124; x_wconf 79' lang='lat' dir='ltr'>haec</span> <span class='ocrx_word' id='word_1_367' title='bbox 1686 2093 1779 2124; x_wconf 84' lang='lat' dir='ltr'>non</span> <span class='ocrx_word' id='word_1_368' title='bbox 1792 2071 2033 2138; x_wconf 83' lang='lat' dir='ltr'>cognoscat</span> 
     </span>
     <span class='ocr_line' id='line_1_72' title="bbox 1180 2139 2033 2205; baseline -0.004 -18"><span class='ocrx_word' id='word_1_369' title='bbox 1180 2157 1260 2203; x_wconf 74' lang='lat' dir='ltr'>per</span> <span class='ocrx_word' id='word_1_370' title='bbox 1279 2141 1506 2203; x_wconf 77' lang='lat' dir='ltr'>judicium</span> <span class='ocrx_word' id='word_1_371' title='bbox 1517 2143 1879 2205; x_wconf 79' lang='lat' dir='ltr'>comparativum</span> <span class='ocrx_word' id='word_1_372' title='bbox 1901 2139 2033 2186; x_wconf 88' lang='lat' dir='ltr'>dabi-</span> 
     </span>
     <span class='ocr_line' id='line_1_73' title="bbox 1182 2204 2029 2269; baseline 0 -17"><span class='ocrx_word' id='word_1_373' title='bbox 1182 2221 1286 2252; x_wconf 86' lang='lat' dir='ltr'>mus</span> <span class='ocrx_word' id='word_1_374' title='bbox 1301 2204 1492 2254; x_wconf 77' lang='lat' dir='ltr'>adversae</span> <span class='ocrx_word' id='word_1_375' title='bbox 1502 2210 1636 2269; x_wconf 79' lang='lat' dir='ltr'>parti,</span> <span class='ocrx_word' id='word_1_376' title='bbox 1647 2211 1728 2254; x_wconf 82' lang='lat' dir='ltr'>nec</span> <span class='ocrx_word' id='word_1_377' title='bbox 1742 2207 1870 2254; x_wconf 76' lang='lat' dir='ltr'>inviti</span> <span class='ocrx_word' id='word_1_378' title='bbox 1887 2221 1895 2250; x_wconf 91' lang='lat'>:</span> <span class='ocrx_word' id='word_1_379' title='bbox 1921 2206 2029 2266; x_wconf 70' lang='lat' dir='ltr'>quia</span> 
     </span>
     <span class='ocr_line' id='line_1_74' title="bbox 1183 2269 2030 2335; baseline -0.004 -17"><span class='ocrx_word' id='word_1_380' title='bbox 1183 2272 1351 2318; x_wconf 83' lang='lat' dir='ltr'>evincit</span> <span class='ocrx_word' id='word_1_381' title='bbox 1366 2274 1498 2327; x_wconf 75' lang='lat' dir='ltr'>ratio,</span> <span class='ocrx_word' id='word_1_382' title='bbox 1520 2269 1908 2335; x_wconf 64' lang='lat' dir='ltr'>&amp;penedixiffem</span> <span class='ocrx_word' id='word_1_383' title='bbox 1925 2306 1937 2325; x_wconf 84' lang='lat'>‚</span> <span class='ocrx_word' id='word_1_384' title='bbox 1957 2285 2030 2316; x_wconf 87' lang='lat' dir='ltr'>re-</span> 
     </span>
     <span class='ocr_line' id='line_1_75' title="bbox 1183 2333 2032 2399; baseline 0.001 -18"><span class='ocrx_word' id='word_1_385' title='bbox 1183 2334 1464 2399; x_wconf 85' lang='lat' dir='ltr'>quiritfides.</span> <span class='ocrx_word' id='word_1_386' title='bbox 1509 2333 2032 2399; x_wconf 54' lang='lat' dir='ltr'>Mediaigitur&#39;tenendaae</span> 
     </span>
     <span class='ocr_line' id='line_1_76' title="bbox 1182 2401 2030 2464; baseline -0.001 -17"><span class='ocrx_word' id='word_1_387' title='bbox 1182 2405 1257 2448; x_wconf 91' lang='lat' dir='ltr'>via</span> <span class='ocrx_word' id='word_1_388' title='bbox 1269 2401 1355 2457; x_wconf 86' lang='lat' dir='ltr'>est,</span> <span class='ocrx_word' id='word_1_389' title='bbox 1367 2416 1417 2449; x_wconf 94' lang='lat' dir='ltr'>ut</span> <span class='ocrx_word' id='word_1_390' title='bbox 1431 2404 1765 2464; x_wconf 57' lang='lat' dir='ltr'>vitesqcyllam,</span> <span class='ocrx_word' id='word_1_391' title='bbox 1778 2417 1857 2448; x_wconf 87' lang='lat' dir='ltr'>nec</span> <span class='ocrx_word' id='word_1_392' title='bbox 1873 2414 2030 2447; x_wconf 75' lang='lat' dir='ltr'>tamen</span> 
     </span>
     <span class='ocr_line' id='line_1_77' title="bbox 1182 2467 2024 2529; baseline -0.001 -17"><span class='ocrx_word' id='word_1_393' title='bbox 1182 2467 1354 2515; x_wconf 82' lang='lat' dir='ltr'>incidas</span> <span class='ocrx_word' id='word_1_394' title='bbox 1388 2469 1433 2514; x_wconf 92' lang='lat' dir='ltr'>in</span> <span class='ocrx_word' id='word_1_395' title='bbox 1459 2468 1761 2529; x_wconf 86' lang='lat' dir='ltr'>Charybdim.</span> <span class='ocrx_word' id='word_1_396' title='bbox 1855 2467 2024 2513; x_wconf 83' lang='lat' dir='ltr'>Dicen-</span> 
     </span>
     <span class='ocr_line' id='line_1_78' title="bbox 1180 2529 2031 2596; baseline -0.001 -19"><span class='ocrx_word' id='word_1_397' title='bbox 1180 2531 1290 2578; x_wconf 57' lang='lat' dir='ltr'>dltm</span> <span class='ocrx_word' id='word_1_398' title='bbox 1312 2529 1517 2589; x_wconf 77' lang='lat' dir='ltr'>firm-iter,</span> <span class='ocrx_word' id='word_1_399' title='bbox 1542 2530 1751 2596; x_wconf 76' lang='lat' dir='ltr'>cognosci</span> <span class='ocrx_word' id='word_1_400' title='bbox 1768 2533 1822 2578; x_wconf 92' lang='lat' dir='ltr'>ab</span> <span class='ocrx_word' id='word_1_401' title='bbox 1833 2531 2031 2579; x_wconf 75' lang='lat' dir='ltr'>Avicula</span> 
     </span>
     <span class='ocr_line' id='line_1_79' title="bbox 1178 2595 2030 2660; baseline -0.002 -17"><span class='ocrx_word' id='word_1_402' title='bbox 1178 2597 1316 2643; x_wconf 82' lang='lat' dir='ltr'>medii</span> <span class='ocrx_word' id='word_1_403' title='bbox 1330 2601 1678 2660; x_wconf 81' lang='lat' dir='ltr'>proportionem</span> <span class='ocrx_word' id='word_1_404' title='bbox 1692 2636 1707 2654; x_wconf 86' lang='lat'>,</span> <span class='ocrx_word' id='word_1_405' title='bbox 1728 2595 2030 2658; x_wconf 70' lang='lat' dir='ltr'>nonquidem·</span> 
     </span>
     <span class='ocr_line' id='line_1_80' title="bbox 1178 2661 2038 2774; baseline -0.003 -66"><span class='ocrx_word' id='word_1_406' title='bbox 1178 2661 1357 2725; x_wconf 66' lang='lat' dir='ltr'>Judici&amp;</span> <span class='ocrx_word' id='word_1_407' title='bbox 1375 2699 1390 2721; x_wconf 94' lang='lat'>,</span> <span class='ocrx_word' id='word_1_408' title='bbox 1436 2661 1512 2714; x_wconf 80' lang='lat' dir='ltr'>fed</span> <span class='ocrx_word' id='word_1_409' title='bbox 1537 2662 1889 2729; x_wconf 75' lang='lat' dir='ltr'>apprehensione</span> <span class='ocrx_word' id='word_1_410' title='bbox 1910 2676 2038 2774; x_wconf 54' lang='lat'>{³²⁷</span> 
     </span>
    </p>

    <p class='ocr_par' dir='ltr' id='par_1_11' title="bbox 1952 2738 2031 2773">
     <span class='ocr_line' id='line_1_81' title="bbox 1952 2738 2031 2773; baseline -0.013 0"><span class='ocrx_word' id='word_1_411' title='bbox 1952 2738 2031 2773; x_wconf 72' lang='lat' dir='ltr'>am</span> 
     </span>
    </p>
   </div>
   <div class='ocr_carea' id='block_1_9' title="bbox 2223 0 2290 2933">
    <p class='ocr_par' dir='ltr' id='par_1_12' title="bbox 2223 0 2290 2933">
     <span class='ocr_line' id='line_1_82' title="bbox 2223 0 2290 2933; baseline 0 0"><span class='ocrx_word' id='word_1_412' title='bbox 2223 0 2290 2933; x_wconf 95' lang='lat' dir='ltr'> </span> 
     </span>
    </p>
   </div>
  </div>
 </body>
</html>
