2294 2933
317 113 413 168 438

331 221 485 271 accuso
500 223 735 286 pra-missas
748 265 758 282 ,
777 225 801 274 ἒι
815 236 886 274 tot
897 225 1077 287 Sophis,
1099 228 1167 272 in.-

325 291 445 351 genii
460 291 619 338 Gloria
643 293 944 340 celeberrimis
959 327 970 345 ,
1001 305 1166 352 appro-

327 356 455 401 batas
475 357 490 402 ?
525 353 584 403 sat
599 355 1049 405 habetAuthoritatis
1071 357 1166 402 He-

324 420 666 482 reticapravitas
680 460 690 477 ,
717 421 956 468 utBullam
975 424 1166 482 Unigeni-

329 500 395 531 tus
416 501 553 547 neget
573 485 658 533 effe
687 484 793 532 fidei
812 486 1016 548 regulam
1048 501 1062 532 ;
1112 497 1164 530 ut

329 547 507 596 ostendi
535 551 608 597 fibi
643 553 807 598 vitium
841 561 970 612 petat
999 551 1053 595 ab
1087 550 1164 596 illa

323 613 441 661 Sede
460 652 472 670 ,
524 630 666 676 quam
695 631 822 662 novo
846 615 1166 678 appellationis

326 679 444 725 vitio
474 682 750 727 convitiatur
789 678 873 726 esse
906 681 1162 726 fallibilem.

322 744 402 790 Sat
438 744 572 793 habet
597 743 877 793 discretionis
901 741 1163 806 Janseniana

322 805 499 866 astutia,
527 810 639 858 dum
650 807 883 859 Pontificis
894 811 1047 856 Bullas
1061 825 1163 865 ,ne-

323 869 433 930 sci0,
456 890 551 936 quo
562 874 711 923 forsan
729 892 772 937 ζ,
789 886 1019 936 ’tocupatae
1032 889 1163 920 men-

317 937 580 1001 tisdi&atas
593 943 779 1003 Spiritu,
808 955 901 986 non
914 936 1163 986 temerete-

321 1005 446 1065 cipit,
468 1003 539 1052 sed
558 1007 611 1052 ad
629 1007 853 1068 virgulam
869 1003 994 1066 prius
1009 1000 1164 1050 censo-

317 1069 431 1115 riam
451 1086 657 1128 revocat,
686 1087 743 1117 ne
759 1071 964 1117 tumultu
975 1069 1165 1117 Privile-

315 1135 402 1195 giis
426 1137 753 1197 praejudicanda
766 1173 778 1191 ,
823 1135 1057 1182 Gallicana
1070 1148 1164 1181 tur-

315 1200 447 1246 betur
467 1202 669 1249 Ecclesia.
739 1203 959 1247 Innocens
973 1198 1037 1246 est
1058 1200 1159 1262 pal-

316 1265 424 1311 liata
468 1266 725 1314 Christiano
755 1266 870 1316 Zelo
912 1268 1156 1327 Impietas,

312 1328 425 1376 dum
450 1332 684 1392 prudentis
716 1332 872 1379 silentii
909 1330 1083 1377 cautelsi
1104 1331 1157 1377 sic

313 1407 537 1457 temperat
573 1414 674 1444 cum
712 1399 882 1459 pietate
914 1397 1155 1452 malitiam,

310 1460 456 1509 illane
470 1460 796 1521 tumultuosius
813 1462 976 1519 vincat,
997 1463 1087 1508 haec
1100 1477 1156 1508 ne

313 1539 418 1572 cum
440 1527 701 1590 praejudicio
727 1525 805 1575 suo
835 1526 1039 1585 velocius
1053 1524 1154 1589 sup-

308 1593 545 1653 primatur.
588 1589 754 1655 injuste
771 1594 1023 1654 vapulatab
1050 1608 1152 1638 eru-

303 1656 412 1704 ·dito
441 1659 592 1713 Orbe,
629 1659 742 1705 dum
773 1674 945 1720 errores
981 1659 1151 1706 nutrire

310 1721 495 1778 dicitur,
531 1738 649 1785 quos
672 1741 764 1771 non
785 1723 862 1770 nisi
897 1723 1149 1770 fanaticain

306 1784 491 1835 somniis
516 1788 696 1851 fingunt
727 1786 994 1851 jesuitarum
1022 1790 1147 1850 inge-

305 1853 396 1908 nia,
428 1851 609 1917 suisque
621 1865 887 1917 excoquunt
901 1853 1147 1901 delirantes

303 1920 541 1980 capitibus.
588 1923 654 1967 Ita
669 1918 732 1967 est
748 1922 939 1966 innocua
950 1920 1145 1982 patitur,

301 1982 415 2030 dum
445 1984 679 2033 aMolinae
713 1985 950 2032 calumniis
988 1987 1146 2054 Qes-

297 2049 406 2095 nelli
426 2050 645 2112 dogmata
661 2051 884 2108 vindicat3
912 2050 1023 2097 dum
1035 2063 1144 2112 prae·

302 2112 450 2162 missas
481 2114 558 2162 suo
577 2117 753 2162 calculo
778 2117 968 2178 probat,
998 2114 1023 2163 a
1040 2115 1142 2177 qui-

299 2181 385 2226 bus
411 2178 699 2243 Philosophia
722 2181 862 2228 Orbis
885 2181 1140 2235 Catholici,

301 2245 636 2292 conclusionem
681 2245 891 2302 deducit,
942 2261 1036 2292 non
1061 2245 1140 2292 nisi

302 2307 565 2372 peffnnam,
608 2308 932 2366 standalosam,
967 2307 1139 2356 sacrile—

297 2390 429 2436 gam,
475 2378 524 2425 &
550 2376 638 2422 hoc
658 2375 843 2422 tandem
877 2389 1083 2436 tempore
1115 2370 1139 2423 ὲ

294 2440 454 2487 Galliae
476 2438 644 2487 finibus
667 2441 1006 2488 eliminandam.

359 2507 542 2553 LEUC.
580 2509 688 2552 Non
708 2521 900 2561 vanum,
925 2521 1050 2560 reor,
1073 2504 1137 2553 est

296 2585 451 2624 omen,
468 2565 639 2630 quodsse
650 2567 877 2631 praemiffis
890 2583 984 2617 tam
998 2571 1135 2617 vitio-

295 2635 348 2682 fis
390 2632 661 2694 Jansenianae
700 2635 862 2682 Haerefi
907 2632 1135 2698 praesagire

293 2696 431 2764 poffit
444 2702 477 2748 F
479 2698 745 2761 riburgensis
759 2702 1006 2764 Peripatus.
1047 2700 1135 2748 Sed

908 109 1048 170 Hydra
1089 109 1209 171 nostri
1260 109 1475 172 Temporis.

1222 223 1389 273 vitioso
1412 227 1506 287 jam
1531 241 1660 276 more
1679 230 1812 278 faciet
1841 229 2076 291 circulum-

1223 293 1272 339 &
1291 289 1640 353 aPhilosophico
1657 295 1834 356 tripode
1847 295 1900 342 ad
1923 297 2074 342 altius*

1222 357 1739 418 provocabitTribunal.
1778 365 2060 408 MEL.Fru-

1222 418 1309 467 stra
1340 434 1582 482 provocat:
1629 423 1684 469 ad
1719 425 2059 488 Theologicum

1219 483 1247 532 si
1264 486 1477 547 appellet,
1493 487 1671 534 dudum
1683 490 1805 536 illius
1819 489 2060 546 conclusio,

1219 553 1350 612 nigro
1373 562 1532 598 notata
1550 551 1614 598 est
1646 554 1948 600 anathematis
1969 556 2060 600 cal-

1219 617 1338 662 culo.
1407 615 2062 680 SiaFacultateJuridicaSen-

1222 681 1410 726 tentiam
1426 694 1576 742 petat,
1602 679 1846 729 dicetillae
1866 679 2062 746 praemis·>
2116 740 2120 743 .

1221 743 1272 790 fis
1289 782 1299 798 ,
1336 760 1606 806 quaecontra
1628 748 1707 809 Jus
1720 749 1943 794 Divinum
1959 751 2063 793 Deo

1218 808 1445 871 denegant
1472 814 1754 859 Bonitatem:
1790 829 1892 876 quae
1911 813 2064 859 Eccie-

1218 873 1284 920 fiae
1315 876 1658 923 Authoritatem
1685 891 1839 924 contra
1857 880 1940 940 Jus
1976 891 2062 938 po-

1219 938 1426 986 sitivum:
1477 952 1587 1003 quae‘
1609 956 1766 989 contra
1807 945 1888 1005 Jus
1930 942 2058 989 Gen-

1219 1004 1336 1050 tium
1395 1008 1672 1053 Mortalibus
1734 1004 1857 1070 spem
1882 1009 1898 1054 ?
1955 1020 2067 1068 quae,

1218 1082 1374 1116 contra
1426 1072 1507 1132 Jus
1563 1075 1786 1119 Naturale
1811 1084 1837 1129 ‚'
1907 1074 2057 1118 Natu-

1216 1149 1272 1179 rae
1311 1134 1536 1198 denegant
1568 1138 1826 1184 libertatem
1847 1153 1856 1182 :
1919 1131 1944 1182 ὲ
1990 1148 2058 1182 ta-

1216 1200 1336 1246 libus
1372 1200 1522 1248 dicent
1555 1200 1784 1263 prztmiffis
1805 1199 2053 1249 conclusio-

1212 1280 1318 1311 nem
1351 1281 1444 1311 non
1476 1265 1599 1328 poll'e
1627 1265 1747 1330 sequi
1772 1266 1851 1315 nisi
1876 1263 2056 1313 scanda-

1211 1327 1556 1392 losamSuperis,
1572 1332 1936 1394 ipsisqueInferis
1949 1345 2056 1376 exe-

1212 1395 1440 1442 crandam.
1553 1397 1703 1460 Qiod
1744 1397 1774 1444 si
1809 1397 2054 1459 agonizans
2105 1402 2107 1404 ’

1208 1462 1292 1523 Jan
1300 1457 1441 1508 senius
1452 1459 1476 1508 a
1486 1464 1616 1509 Facul
1626 1461 1901 1510 tateMedica
1915 1475 2054 1507 omen

1210 1527 1448 1588 exquirat,
1487 1524 1604 1574 dicet
1623 1529 1724 1583 illa,
1762 1529 1976 1574 morbum
1996 1526 2051 1572 ab

1208 1589 1303 1652 ipso
1334 1603 1506 1653 aegroto
1538 1608 1774 1655 nunquam
1809 1594 2014 1654 agnitum
2036 1625 2050 1646 ‚

1204 1658 1298 1718 jam
1312 1655 1598 1704 eslefatalem
1617 1699 1624 1712 ‚
1646 1661 1695 1707 &
1716 1655 1957 1705 infaustam
1971 1671 2051 1702 ne-

1203 1719 1387 1768 cessario
1416 1720 1517 1783 post
1537 1720 1578 1770 se
1597 1723 1774 1771 trahere
1785 1719 2048 1770 clausulam.

1202 1787 1288 1834 Sed
1310 1784 1511 1849 &ipsam
1539 1787 1786 1836 Historiam
1799 1829 1802 1832 .
1817 1784 2046 1841 consulat,

1201 1852 1352 1913 legere
1382 1855 1552 1913 poterit
1572 1853 1795 1901 similesin
1816 1854 2046 1914 Hugonoss
2087 1866 2097 1878 ³

1202 1919 1259 1964 tis
1275 1914 1512 1978 praemiffas
1527 1957 1538 1974 ,
1563 1921 1727 1982 quibus
1739 1919 1927 1967 Rexille
1943 1919 2045 1964 Ma-

1201 1998 1317 2045 gnus
1329 2020 1352 2039 ²,
1367 1998 1480 2029 mox
1494 1984 1539 2031 in
1552 1985 1806 2047 R‘egiminis
1828 1980 1889 2030 sui
1909 1998 2044 2029 exor-

1200 2049 1278 2094 dio
1299 2085 1311 2105 ,
1364 2049 1555 2096 fatalem
1601 2050 1728 2096 dedit
1782 2049 2037 2111 epilogum.

1198 2115 1414 2175 Denique
1442 2114 1511 2162 his
1547 2115 1647 2177 ipsis
1676 2117 1721 2161 in
1752 2113 2039 2162 circumstan-

1198 2181 1294 2234 tiis,
1335 2174 1461 2242 aeque
1486 2179 1727 2227 insaustam
1752 2181 1817 2226 illi
1840 2175 2038 2242 praesagit

1196 2242 1530 2306 Catastrophen
1587 2242 1878 2306 Astrosophia
1920 2242 2038 2288 divi-

1194 2311 1320 2364 nior,
1357 2309 1469 2356 dum
1495 2326 1711 2358 coronam
1732 2310 1914 2356 exhibet
1927 2324 2036 2354 con-

1192 2371 1398 2437 junEtam
1421 2376 1580 2434 Cruci,
1609 2376 1722 2422 volo
1745 2373 1915 2429 dicere,
1951 2382 2036 2419 tio-¹
2066 2368 2078 2378 '

1195 2455 1306 2486 vum
1329 2442 1504 2503 Regem
1529 2456 1656 2487 novo
1677 2437 1900 2486 Pontifici.
1931 2442 2034 2485 Per-

1194 2506 1314 2568 cipe,
1339 2508 1477 2567 quam
1499 2521 1593 2552 non
1627 2520 1687 2550 ex
1707 2520 1824 2552 vano
1853 2503 2034 2566 tripode

1191 2572 1280 2617 hoc
1331 2570 1444 2617 fluat
1471 2573 1737 2633 augurium,
1785 2567 2032 2632 postquam

1191 2639 1447 2683 Mercurius
1461 2636 1574 2682 hanc
1585 2635 1753 2683 Parisiis
1778 2635 1933 2690 attulit
1946 2649 2031 2679 nu·-

1189 2716 1269 2764 per
1285 2702 1516 2764 epitomen
1534 2699 1851 2751 declarationis
1867 2736 1879 2755 ‚
1895 2713 1924 2809 g
1934 2699 2031 2770 Lu-

1928 2779 2030 2810 ovi-
