2294 2933
322 107 374 127 '⁸5

315 128 377 142 «κ

315 219 368 256 nt
415 205 672 270 suffragium
711 207 902 267 feram)
944 203 996 252 {rt
1033 201 1159 265 quod

316 269 518 320 maxime
544 272 722 318 arridet.
762 274 830 317 Sic
857 271 939 315 erit
965 268 1018 314 ad
1052 277 1161 311 vota

314 334 638 399 ampliffimus-‚
673 335 879 388 nifallor,
892 346 1093 393 campus,
1116 331 1161 374 in

310 418 481 464 quem,
514 415 559 448 te
587 405 712 447 Duce
735 411 964 444 excurram
987 432 999 451 ,
1037 391 1159 442 &eo

306 467 499 527 quidem
521 461 763 526 jucundius
778 499 789 516 ,
809 459 905 523 quo
922 456 1152 506 curiofius.

307 533 455 578 MEL.
512 532 708 589 Scopum
744 540 900 572 meum
926 524 1105 571 divinas
1140 560 1152 578 ,

306 608 431 640 tuam
457 595 719 639 utilitatem.
799 592 876 637 Sat
910 589 1062 650 ampla
1091 586 1156 634 est

303 655 454 705 mellis
492 673 575 718 pro
620 652 812 701 serendis
859 653 1110 715 colloquiis
1141 668 1150 698 :

303 725 436 785 elige,
457 720 581 783 quod
599 721 760 782 placet,
786 719 1079 780 Symbolum,
1105 719 1155 765 &

301 786 435 834 filum
461 787 665 847 porriges
682 822 693 840 ,
732 799 827 846 quo
850 800 927 845 per
950 780 1153 830 Philoso-

299 853 420 913 phici
437 850 685 912 labyrinthi
717 848 971 895 maeandros
991 885 1004 903 ‚
1041 848 1154 893 calle

299 933 395 964 non
418 918 678 970 inamoeno,
698 913 921 960 decurras.
966 913 1148 960 LEUC.

299 985 360 1028 D.
384 979 631 1043 Dionysius
651 1017 663 1035 ‚
701 993 841 1041 quem
867 979 1078 1033 Athenae,
1099 973 1152 1024 ut

300 1048 508 1108 Sophum
541 1083 552 1102 ‚
589 1043 866 1107 htJudiccm
884 1050 1150 1106 Areopagus

301 1110 509 1173 suspexit,
523 1107 687 1166 nescio,
709 1109 820 1173 quid
833 1108 1151 1171 hieroglyphi-

296 1193 351 1224 co
372 1177 454 1223 illo
479 1177 718 1224 Schemate
742 1174 989 1237 portendat
1024 1190 1034 1219 ε
1085 1179 1151 1219 Ex

296 1245 435 1289 umbra
481 1247 621 1289 lucem.
724 1241 974 1303 Sphingem
1008 1240 1101 1301 agit
1135 1275 1148 1293 ,

295 1307 409 1353 dum
435 1308 478 1353 in
508 1308 747 1368 :enigmate
772 1307 1006 1367 loquitur,
1047 1305 1151 1349 hinc

297 1388 381 1434 age
409 1410 420 1427 ‚
467 1387 625 1434 precor
658 1408 670 1426 ,
734 1372 856 1417 illius
907 1370 1145 1432 AEdipum.

298 1439 444 1486 MEL.
485 1435 665 1484 Mundo
685 1448 850 1483 notum
868 1434 935 1481 est
956 1473 968 1491 ‚
1015 1432 1149 1496 quod

293 1504 489 1566 primam
513 1500 761 1563 Dionysius
776 1503 927 1548 lucem
949 1516 1006 1546 ex
1021 1511 1148 1546 tene-

294 1567 415 1626 bris3
449 1565 580 1630 quod
595 1567 751 1614 Solem
765 1564 1057 1628 Justitiaenon
1077 1565 1147 1610 vi-

294 1633 433 1688 derit,
458 1631 536 1679 nifi
556 1647 634 1693 per
653 1630 874 1694 eclypsin:
911 1646 1017 1677 nam
1039 1627 1146 1677 cum

293 1695 480 1746 noctem
512 1698 639 1743 illam
672 1696 950 1758 paradoxam
971 1733 984 1751 ‚
1035 1696 1145 1757 quia

295 1763 592 1810 meridianam
614 1798 626 1817 ‚
683 1762 728 1807 in
754 1774 905 1807 morte
941 1759 1109 1808 Christi
1130 1796 1143 1815 ‚

292 1828 533 1889 Heliopoli
560 1837 762 1873 cerneret
791 1863 803 1881 ,
864 1826 1054 1887 agnovit
1087 1840 1145 1870 ex

294 1893 454 1940 mundi
475 1892 636 1946 oculo,
657 1902 752 1938 tam
775 1891 1041 1936 mirabiliter
1060 1890 1143 1934 ob-

297 1959 534 2005 tenebrato
561 1967 596 2012 ‚'
633 1954 764 2018 quod
801 1956 924 2004 Coeli
964 1953 1144 2002 Oculus

297 2024 457 2069 oculos
478 2020 705 2068 clauderet
728 2037 741 2079 3
786 2021 888 2067 hinc
918 2020 1145 2066 exclama-

302 2091 365 2134 vit
386 2103 395 2132 t
435 2092 529 2135 Aut
548 2093 676 2132 DEus
694 2100 843 2131 naturae
861 2089 1045 2148 patitur,
1071 2097 1146 2130 aut

296 2155 462 2201 „assandi
490 2153 671 2196 machina
699 2151 952 2210 dissolvetur.
1087 2151 1145 2195 Et

298 2216 411 2279 quid
429 2216 596 2261 mirum
619 2251 630 2269 ‚
667 2213 798 2276 quod
815 2212 948 2261 semel
971 2213 995 2261 {a
1018 2226 1146 2260 tene-

297 2283 386 2328 bris
407 2280 691 2326 illuminatus
712 2314 723 2333 ‚
781 2281 962 2340 plenam
979 2278 1144 2325 deinde

295 2348 444 2394 lucem
459 2361 516 2392 ex
534 2345 772 2406 aenigmate
785 2341 1002 2390 hauserit?
1036 2346 1144 2390 Erat

293 2412 485 2459 Athenis
510 2415 598 2457 Ara
623 2445 635 2463 ,
673 2415 758 2454 Deo
772 2412 930 2469 ignoto,
964 2408 1142 2455 dudum

1002 88 1156 149 Sphinx
1181 86 1416 147 Clariffimae.

1217 202 1438 248 cutientes
1461 203 1506 248 in
1529 207 1770 264 Areopago
1785 203 1928 264 talpoe.
1967 204 2060 251 Mi-

1217 266 1268 312 sit
1288 269 1413 313 Deus
1425 265 1695 328 Apostolum
1710 269 1916 329 gentium
1931 305 1943 323 ‚
1980 268 2061 329 qui

1218 330 1345 392 quod
1378 334 1636 392 ignorantes
1667 335 1880 378 colebant
1904 329 2061 379 haele-

1217 411 1301 442 nus
1333 433 1345 451 ‚
1396 397 1682 442 annuntiavit
1708 433 1719 452 ‚
1771 393 2061 459 plenumque

1214 461 1440 522 aenigmati
1457 459 1580 505 diem
1599 462 1775 517 attulit,
1796 478 1876 508 nec
1889 462 2059 508 (inelu-

1209 541 1286 571 cro
1303 528 1349 573 &
1369 525 1576 586 praemio:
1610 529 1841 572 naminter
1853 529 2056 588 reliquos

1210 592 1409 636 lucratus
1468 587 1532 635 est
1581 589 1787 651 Sophum
1820 591 1842 649 <
1863 588 2005 653 superi
2042 589 2053 637 !

1212 655 1347 717 Quale
1367 655 1603 716 praemium
1621 691 1634 709 ,
1688 657 1792 700 Deo
1815 657 2014 718 Sphinge
2039 692 2052 711 ,

1210 719 1351 767 Paulo
1369 718 1542 781 AEdipo
1559 718 1752 781 dignum
1775 716 1785 764 ἔ
1815 722 1839 781 )
1873 723 2056 783 Diony-

1210 784 1349 839 sium,
1387 799 1526 846 quem
1539 799 1652 830 verre
1676 781 1781 830 fidei
1803 785 1890 831 luci
1906 786 1967 832 ita
1986 801 2055 832 re-

1208 847 1380 904 stituit,
1417 861 1468 895 ut
1486 864 1624 895 nemo
1649 849 1841 905 melius,
1874 848 2056 912 perspe-

1208 914 1362 960 culum
1375 950 1388 969 ‚
1420 913 1629 960 divinum
1647 915 1801 961 Solem
1819 911 2029 975 aspiceret
2042 951 2055 970 ‚

1209 977 1349 1041 quam
1386 975 1586 1025 sublimis
1621 978 1711 1025 haec
1733 980 1939 1041 Aquila3
1976 994 2057 1025 ne·-

1207 1059 1287 1090 mo
1308 1040 1472 1091 clarius
1490 1043 1547 1090 de
1568 1045 1738 1091 Divina
1758 1043 1982 1106 Sphinge,
2009 1045 2057 1090 in

1206 1110 1469 1170 aenigmate,
1496 1105 1736 1171 scripserit,
1761 1108 1840 1155 nisi
1857 1108 2062 1156 cuifacie'

1204 1172 1354 1222 forsan
1370 1173 1425 1221 ad
1439 1174 1603 1225 faciem
1615 1210 1628 1229 ‚
1648 1174 1693 1220 in
1711 1174 1969 1220 viventium
1980 1172 2053 1220 lu-

1205 1240 1330 1287 mine
1350 1236 1391 1285 se
1407 1239 1647 1286 revelavit.

1270 1305 1309 1350 L
1330 1306 1364 1350 E
1384 1306 1428 1352 U
1451 1306 1506 1352 C.
1551 1306 1687 1351 Nun‘c
1713 1304 1842 1366 capio
1871 1341 1883 1359 ,
1940 1302 2051 1365 quid

1205 1371 1540 1431 aenigmaticum
1564 1365 1741 1415 schema
1760 1406 1773 1425 ‚
1816 1364 2069 1430 praefixum¹

1203 1431 1412 1482 discursui
1448 1449 1459 1480 :
1530 1438 1741 1497 Sphingem
1805 1435 2053 1494 clariffimam

1205 1514 1341 1547 vocas
1372 1505 1459 1546 DE
1476 1505 1596 1549 UM
1627 1504 1820 1561 ignotum.
1886 1498 2050 1545 MEL:

1203 1562 1374 1612 merito
1385 1565 1632 1627 Sphingem
1643 1564 1763 1619 dico,
1787 1565 1894 1625 quia
1904 1567 2053 1609 nemi-

1202 1631 1248 1676 ni
1274 1631 1512 1692 cognitum
1539 1646 1548 1676 :
1583 1625 1872 1677 clarissimam
1891 1664 1904 1684 ‚
1944 1627 2052 1689 quia

1200 1696 1318 1742 nulli
1337 1711 1429 1741 non
1450 1695 1717 1758 cognitum:
1755 1692 1868 1754 quid
1877 1691 2014 1739 haeres
2032 1692 2072 1753 ἓι

1201 1763 1330 1807 Deus
1351 1758 1438 1815 est,
1467 1762 1547 1822 qui
1566 1758 1705 1822 quam
1720 1752 1873 1820 aperte
1890 1767 2018 1819 patet
2033 1784 2063 1811 ‚1

1202 1823 1423 1887 (modfit,
1449 1836 1543 1871 tam
1563 1819 1741 1871 occulte
1759 1823 1873 1869 latet
1891 1858 1905 1877 ,
1934 1818 2050 1882 quid

1200 1890 1276 1936 sit:
1311 1891 1492 1951 Percipe
1512 1891 1751 1936 rationem.
1791 1885 1921 1955 Qid
1947 1884 2053 1932 Phi-

1200 1951 1397 2015 Iosopho
1415 1951 1563 2016 magis
1584 1953 1884 2015 incognitum,
1909 1948 2052 2011 quam

1202 2018 1313 2081 quid
1331 2018 1547 2067 fitDeus?
1584 2013 2047 2086 QaereSimonidem

1201 2099 1303 2130 cum
1316 2085 1522 2132 Hierone
1542 2121 1554 2140 ‚
1588 2079 1713 2133 &rei
1724 2076 2051 2126 considerandae

1200 2148 1322 2196 diem
1336 2159 1477 2211 petet,
1503 2163 1618 2194 mox
1628 2148 1837 2200 alterum,
1857 2143 2050 2190 demum

1199 2215 1352 2275 plures
1373 2250 1386 2269 ‚
1420 2215 1471 2261 δε
1496 2211 1550 2259 fic
1582 2211 1792 2270 deinceps
1812 2246 1824 2265 ‚
1862 2207 1976 2254 dum
1999 2218 2047 2253 te

1199 2293 1339 2324 morae
1371 2277 1570 2339 denique
1596 2273 1833 2338 pertaesum
1863 2274 1950 2319 hoc
1973 2286 2050 2317 ren·

1199 2339 1360 2405 sponso
1375 2342 1609 2389 dimittet:
1646 2338 1743 2402 quo
1767 2335 1941 2385 diutius
1964 2350 2043 2382 co-

1197 2408 1297 2469 gito
1321 2444 1334 2462 ,
1373 2404 1433 2454 eo
1460 2421 1558 2453 rem
1583 2402 1812 2452 obscurius
1832 2413 2040 2464 penetro.

1195 2475 1264 2519 Ex
1287 2472 1540 2533 longinqua
1553 2473 1762 2532 AEgypto
1777 2461 1949 2514 advoca
1963 2467 2041 2513 Sa·
2052 2474 2138 2518 Cic.
2156 2474 2187 2518 Ι.
2209 2490 2224 2518 ι
2234 2506 2247 2519 .

1195 2539 1396 2599 pientes:
1432 2535 1543 2598 quid
1555 2534 1733 2581 dicent?
1755 2532 1962 2588 silebunt,
1980 2531 2100 2581 ci-a'e
2117 2551 2205 2583 nat.

1196 2603 1348 2648 conias
1359 2601 1438 2646 tibi
1448 2595 2042 2654 monstrand0,&crocodil-
2051 2607 2156 2649 Deo.

1195 2667 1297 2725 los,
1329 2663 1955 2729 animalialinguiscarentia,
1987 2667 2049 2771 υἷ-

1963 2737 2021 2770 ve

292 2471 475 2522 esech:
516 2469 799 2520 veriffimum
835 2470 1057 2533 aenigma!
1111 2472 1141 2520 fi

294 2542 416 2587 eni-m
443 2541 599 2593 Deus,
644 2535 888 2598 quomodo
921 2539 1138 2598 ignotus?

294 2603 327 2653 fi
344 2605 529 2665 ignotus
549 2639 561 2657 ,
591 2600 834 2663 quomodo
855 2602 1015 2647 Deus?
1055 2601 1141 2647 du-

294 2668 410 2716 dum
435 2665 793 2716 desideraverant
818 2665 1042 2729 AEdipum
1061 2679 1141 2712 cae-
