2294 2933
853 63 1029 125 Coloffus
1057 61 1278 129 ..Mystictm

248 180 363 230 mini
382 177 482 228 filio
495 217 508 236 ,
542 172 795 228 suaviffima
805 177 930 228 sume
947 182 1093 230 labio-

244 262 348 295 rum
371 247 578 293 corallia:
615 247 826 293 Zenobiae
837 246 998 295 dentes
1011 245 1091 295 de?-

243 327 431 375 prome,
460 313 538 374 qui
551 313 795 359 eburneam
818 314 1088 375 conchylen,

241 377 441 425 totidem
469 378 726 440 margaritis
751 377 944 425 ditatam
970 378 1090 425 refe-

238 455 353 491 rant:
370 441 694 505 Hephestionis
707 445 863 490 vultus
875 441 1084 499 efforma,

240 506 484 569 Majestate
505 510 626 570 regia
643 510 839 555 celebres
852 544 864 563 ,
881 523 976 570 qua
991 522 1087 554 non

238 575 445 635 adaequet
458 572 631 629 modo,
664 572 737 620 sed
752 576 890 619 etiam
912 568 1087 634 superet

233 638 523 686 Alexandros
550 655 560 684 :
622 634 808 686 Narciffi
839 639 1085 684 eburneam

236 704 456 750 adumbra
466 704 689 760 frontem,
716 704 763 749 in
777 718 868 765 qua
877 701 993 750 casta
1002 718 1084 750 na-

236 770 500 816 titentlilia:
534 770 664 831 genis
689 765 933 814 adderosas
952 767 1082 816 Ado-

228 834 371 880 nidis:
411 835 459 881 in
478 830 789 880 venustiffimo
810 850 914 889 ore,
951 834 1081 880 velut

234 901 278 944 in
289 899 503 960 Cynthiae
518 897 631 945 solio
646 936 657 955 ‚
678 896 826 945 sedeat
841 896 1078 957 venustas5

236 964 402 1011 ridenti
431 964 654 1012 arrideant
682 980 869 1010 veneres
887 1000 900 1021 ,
933 965 1081 1010 collu-

230 1029 341 1076 dant
360 1041 463 1076 toto
489 1031 537 1076 in
561 1030 696 1076 vultu
715 1031 895 1091 gratiae,
925 1030 977 1074 >in
998 1029 1080 1075 ha-

225 1095 327 1141 bitu
367 1097 568 1141 emineat
606 1093 806 1156 dignitas
827 1131 840 1150 ,
879 1087 1081 1156 totoque

226 1175 418 1220 corpore
443 1155 633 1208 diffusus
655 1155 904 1207 efflorescat
920 1160 1048 1206 color
1067 1174 1077 1205 :

227 1223 409 1271 accedat
423 1226 680 1287 Cleopatrae
699 1221 854 1280 suada,
891 1221 1079 1287 tamque

226 1290 425 1336 urbanus
447 1293 493 1336 in
519 1305 632 1336 voce
654 1291 811 1352 lepos,
863 1301 917 1337 ut
935 1291 1076 1337 etiam

228 1352 422 1404 Caesares
459 1356 671 1402 vulneret
707 1357 759 1404 &
789 1356 1036 1417 Pompejos
1062 1371 1072 1401 :

227 1430 327 1466 tota
356 1419 558 1482 denique
571 1422 792 1483 Corporis
811 1417 1077 1482 symmetria

227 1484 409 1532 accedat
423 1497 518 1532 tam
547 1487 730 1549 elegans
744 1523 757 1543 ,
777 1498 831 1532 ut
844 1523 857 1542 ,
877 1484 1007 1548 quod
1016 1486 1074 1532 de

223 1551 362 1598 Albio
385 1551 605 1607 Tibullo,
642 1549 853 1613 majestas
875 1553 925 1600 &
943 1566 1073 1598 amor

222 1616 338 1662 bene
365 1618 663 1672 conveniant,
698 1619 748 1665 &
772 1619 817 1663 in
842 1632 932 1663 una
973 1613 1073 1663 sede

222 1692 485 1738 morentur;
541 1683 591 1730 &
623 1681 734 1745 quid
759 1681 1070 1728 emendicatus

221 1746 294 1792 hic
322 1745 482 1792 formae
502 1746 656 1802 fucus,
693 1746 749 1794 ad
766 1748 900 1794 illum
924 1743 1071 1809 splen-

219 1810 398 1866 dorem,
413 1826 553 1873 quem
566 1810 692 1859 dabit
709 1809 906 1874 gloriosa
921 1827 1072 1874 quon-

218 1875 325 1922 dam
349 1874 552 1922 anastasis
576 1877 592 1922 ?
629 1876 751 1924 dixi:
788 1877 966 1924 Umbra
986 1875 1064 1932 est,

219 1953 363 2003 atque
387 1940 674 1988 deformitas.
742 1943 794 1988 In
819 1942 1064 2004 lippientes

215 2007 338 2062 Lias‚
363 2001 595 2053 tuffientes
611 2007 807 2062 vetulas,
827 2005 1065 2053 inbustua-

215 2072 301 2118 rias
324 2072 472 2117 larvas
492 2070 878 2127 abeuntHelenae,
912 2071 942 2118 si
959 2072 1063 2118 huic

214 2136 364 2182 decori
381 2137 483 2198 quis
508 2149 757 2198 comparet.
828 2139 884 2183 Et
907 2150 1063 2183 tamen

216 2203 240 2260 (
266 2200 351 2263 pro
375 2202 619 2247 hominum
637 2199 804 2248 sortem
821 2200 1062 2263 praeposte-

214 2264 334 2313 ram!
352 2271 376 2329 >
390 2269 604 2316 &tamen
617 2282 823 2314 amamus
843 2262 1060 2329 AEsopos,

215 2329 321 2380 cum
344 2330 587 2394 aspicimus
630 2333 841 2396 Spurinas
871 2335 922 2382 &
965 2334 1062 2380 De-

214 2398 412 2445 mocles:
457 2397 675 2445 cadavera
715 2395 1059 2460 ampleffimur,

215 2459 321 2509 cum
340 2460 384 2509 -se
398 2461 438 2510 se
454 2463 644 2510 brachiis
655 2501 668 2520 ,
705 2462 902 2510 infundit
914 2460 1060 2518 ultro,

213 2529 427 2589 'Angelica
448 2527 680 2576 venustas:
706 2526 985 2590 superbimus
1004 2527 1061 2574 de

217 2590 444 2649 sordibus,
481 2594 799 2655 gloriamurde
813 2594 940 2648 sucO,
962 2609 1060 2639 cor-

212 2657 369 2706 niculae
403 2656 570 2718 instar,
605 2675 748 2727 quam
775 2657 1060 2724 deplumabit

1935 79 1996 128 73

1145 197 1274 231 mors
1323 178 1570 245 improvisa
1597 218 1612 240 ,
1685 181 1998 250 detrafflsque

1146 245 1299 311 spoliis
1309 285 1324 304 ‚
1357 248 1588 311 putredini
1606 246 1935 314 vermibiisque
1947 254 1995 298 in

1142 313 1340 376 praedam
1370 313 1511 361 dabit.

1203 444 1412 492 LEUC.
1468 440 1756 492 Crediderim
1783 479 1796 499 ‚
1857 439 1990 505 quod

1140 509 1278 555 multi
1309 509 1468 555 formae
1487 505 1570 555 suae
1606 506 1752 571 magis
1784 505 1989 554 consule-

1141 585 1257 628 rent,
1280 572 1308 619 si
1330 574 1503 620 formas
1516 572 1795 620 cadavericas
1815 573 1989 619 exami-

1138 650 1298 684 narent
1325 635 1546 695 crebrius,
1590 653 1730 700 quam
1756 638 1986 701 partiales.

1137 702 1225 750 Sed
1236 718 1360 749 raros
1374 739 1386 758 ‚
1405 703 1483 750 nisi
1495 704 1646 759 fallor,
1673 705 1867 766 reperies
1882 740 1894 759 ‚
1905 703 1987 765 qui

1136 782 1242 814 cum
1272 768 1502 814 Lidvvina
1534 769 1696 814 malint
1735 766 1985 815 effedefor-

1136 847 1260 888 mes,
1295 832 1605 895 quamminus
1629 831 1750 880 casti.
1822 838 1982 882 MEL.

1136 900 1206 946 Sic
1224 913 1390 960 nempe
1414 897 1565 946 nostra
1579 913 1786 945 amamus
1811 900 1985 960 pericu-

1132 964 1203 1019 la,
1229 975 1281 1009 ut
1294 979 1549 1025 pereamus.
1599 967 1710 1011 Non
1727 965 1850 1010 enim
1862 964 1985 1010 mul-

1136 1030 1195 1075 tis
1207 1065 1219 1084 ‚
1242 1044 1365 1085 reor,
1385 1029 1766 1076 DiviBernai-dini
1777 1030 1983 1091 elogium

1134 1096 1385 1156 competit:
1424 1098 1529 1156 quod
1563 1097 1785 1156 castitatem
1823 1091 1983 1157 egregia*

1125 1158 1267 1221 formai
1308 1174 1552 1223 repugnante
1583 1158 1820 1221 fimetiffime*
1857 1161 1983 1221 custo-

1134 1228 1272 1271 dierit.
1307 1227 1490 1272 Notum
1510 1224 1798 1272 illudl'o'etae:
1825 1224 2036 1286 raracstS.
2053 1228 2170 1272 Hier.

1130 1293 1335 1336 concordia
1378 1292 1518 1350 formae
1562 1306 1684 1352 atque
1717 1293 1914 1353 pudicitiae
1965 1292 2020 1336 .·l.
2045 1309 2189 1337 1.con-

1131 1356 1240 1417 quia
1273 1358 1432 1413 difficile
1461 1357 1680 1417 custoditur
1717 1359 1822 1417 quod
1843 1360 2054 1420 pt'urestra
2075 1360 2187 1421 Jov-

1128 1434 1292 1467 amant:
1320 1424 1365 1471 δεῖ
1393 1424 1606 1482 aliquando
1635 1423 1679 1470 δέ’
1696 1425 1827 1481 aliquo
1863 1424 1975 1467 modo

1128 1501 1411 1548 expugnatur,
1464 1489 1569 1546 quod
1597 1489 1737 1547 ubique
1763 1488 1973 1547 incessitur.

1126 1552 1319 1599 Utinam
1333 1566 1427 1596 non
1448 1548 1558 1612 saepe
1567 1548 1737 1612 saepius,
1765 1551 1854 1598 hoc
1867 1567 1975 1613 pro-

1126 1617 1252 1662 baret
1273 1616 1575 1677 experientia,
1605 1618 1751 1662 necin
1768 1632 1974 1677 corpore,

1125 1680 1251 1744 quod
1272 1686 1407 1728 DEI
1430 1686 1616 1743 templum
1647 1679 1736 1737 est,
1765 1678 1975 1729 Docff‘tore

1123 1744 1350 1808 Apostolo
1365 1783 1377 1802 ‚
1403 1748 1540 1793 toties
1553 1759 1794 1793 renovaret
1807 1763 1850 1793 m
1858 1744 1974 1794 oesta

1125 1813 1339 1872 Solymaei
1360 1813 1521 1873 templi
1535 1812 1722 1858 excidia.
1757 1815 1974 1860 Surrexe-

1122 1888 1192 1923 rat
1229 1874 1449 1923 ocs‘tavum
1479 1877 1567 1924 hoc
1596 1877 1753 1924 mundi
1778 1878 1970 1924 miracu-

1120 1943 1242 1996 lum,
1275 1946 1399 1987 mera
1422 1943 1775 1998 intermiracula‚
1799 1958 1855 1990 ex
1866 1958 1970 1990 can-

1120 2006 1247 2053 denti
1284 2021 1516 2053 marmore
1544 2007 1599 2055 fic
1631 2006 1967 2069 septenniocre-

1117 2083 1271 2127 verat,
1307 2083 1360 2118 ut
1396 2083 1550 2131 tamen
1580 2074 1761 2120 nullum
1789 2072 1966 2122 audires

1116 2138 1272 2183 mallei
1292 2135 1530 2198 strepitum
1550 2177 1562 2195 ‚
1601 2140 1788 2201 triginta
1813 2139 1968 2186 homi-

1114 2216 1228 2247 num
1266 2203 1412 2248 millia
1452 2206 1758 2267 praeparabant
1808 2204 1966 2252 cedros

1115 2279 1256 2329 atque
1274 2266 1522 2330 cupress'os:
1561 2266 1812 2333 o&ogefies
1835 2272 1964 2318 mille

1114 2331 1314 2395 lapicidae
1364 2349 1592 2382 marmora
1629 2336 1961 2398 perpoliebant.

1117 2397 1245 2469 Qid
1271 2397 1418 2446 dicam
1438 2399 1496 2446 de
1518 2398 1753 2463 splendore
1777 2404 1826 2450 &
1845 2417 1962 2464 opu-

1116 2464 1283 2511 lentia?
1345 2462 1657 2528 superbiebant
1689 2469 1847 2514 obrizo
1883 2483 1962 2514 co-

1115 2525 1337 2577 ruscantes
1373 2532 1594 2591 parietes,
1645 2533 1803 2581 Phoebi
1831 2534 1961 2595 jubat

1115 2600 1260 2657 prope
1288 2598 1604 2654 extinxerant,
1659 2598 1805 2646 decies
1832 2600 1959 2646 mille

1115 2658 1379 2709 candelabra
1422 2678 1579 2721 aurea,
1609 2663 1688 2724 *die
1721 2660 1961 2727 nostrique

1221 2726 1269 2775 K
1790 2729 1962 2777 'arden-
