<?xml version="1.0" encoding="UTF-8"?>
<!DOCTYPE html PUBLIC "-//W3C//DTD XHTML 1.0 Transitional//EN"
    "http://www.w3.org/TR/xhtml1/DTD/xhtml1-transitional.dtd">
<html xmlns="http://www.w3.org/1999/xhtml" xml:lang="en" lang="en">
 <head>
  <title>
</title>
<meta http-equiv="Content-Type" content="text/html;charset=utf-8" />
  <meta name='ocr-system' content='tesseract 3.04.00' />
  <meta name='ocr-capabilities' content='ocr_page ocr_carea ocr_par ocr_line ocrx_word'/>
</head>
<body>
  <div class='ocr_page' id='page_1' title='image "./peripateticusnos00schw_0380.png"; bbox 0 0 2294 2933; ppageno 0'>
   <div class='ocr_carea' id='block_1_1' title="bbox 90 1092 295 1400">
    <p class='ocr_par' dir='ltr' id='par_1_1' title="bbox 90 1092 295 1400">
     <span class='ocr_line' id='line_1_1' title="bbox 92 1092 279 1137; baseline 0.005 -1"><span class='ocrx_word' id='word_1_1' title='bbox 92 1092 279 1137; x_wconf 79' lang='lat' dir='ltr'>Rircher.</span> 
     </span>
     <span class='ocr_line' id='line_1_2' title="bbox 92 1162 228 1216; baseline -0.007 -14"><span class='ocrx_word' id='word_1_2' title='bbox 92 1162 228 1216; x_wconf 83' lang='lat' dir='ltr'>Mag.</span> 
     </span>
     <span class='ocr_line' id='line_1_3' title="bbox 90 1225 225 1268; baseline -0.007 0"><span class='ocrx_word' id='word_1_3' title='bbox 90 1225 225 1268; x_wconf 62' lang='lat' dir='ltr'><em>spled.</em></span> 
     </span>
     <span class='ocr_line' id='line_1_4' title="bbox 90 1292 295 1337; baseline 0.02 -5"><span class='ocrx_word' id='word_1_4' title='bbox 90 1292 295 1337; x_wconf 72' lang='lat' dir='ltr'>Mathia-</span> 
     </span>
     <span class='ocr_line' id='line_1_5' title="bbox 91 1355 168 1400; baseline 0.039 -3"><span class='ocrx_word' id='word_1_5' title='bbox 91 1355 168 1400; x_wconf 75' lang='lat' dir='ltr'>lus.</span> 
     </span>
    </p>
   </div>
   <div class='ocr_carea' id='block_1_2' title="bbox 316 79 412 128">
    <p class='ocr_par' dir='ltr' id='par_1_2' title="bbox 316 79 412 128">
     <span class='ocr_line' id='line_1_6' title="bbox 316 79 412 128; baseline 0.031 -3"><span class='ocrx_word' id='word_1_6' title='bbox 316 79 412 128; x_wconf 73' lang='lat'>344</span> 
     </span>
    </p>
   </div>
   <div class='ocr_carea' id='block_1_3' title="bbox 328 179 1188 1294">
    <p class='ocr_par' dir='ltr' id='par_1_3' title="bbox 328 179 1188 1294">
     <span class='ocr_line' id='line_1_7' title="bbox 329 179 1177 249; baseline -0.005 -17"><span class='ocrx_word' id='word_1_7' title='bbox 329 196 382 232; x_wconf 89' lang='lat' dir='ltr'>to</span> <span class='ocrx_word' id='word_1_8' title='bbox 405 181 587 248; x_wconf 69' lang='lat' dir='ltr'>aspe&amp;u</span> <span class='ocrx_word' id='word_1_9' title='bbox 606 179 815 235; x_wconf 79' lang='lat' dir='ltr'>Siderum</span> <span class='ocrx_word' id='word_1_10' title='bbox 833 180 1177 249; x_wconf 70' lang='lat' dir='ltr'>proseminare?</span> 
     </span>
     <span class='ocr_line' id='line_1_8' title="bbox 328 246 1180 307; baseline -0.008 -8"><span class='ocrx_word' id='word_1_11' title='bbox 328 253 574 299; x_wconf 88' lang='lat' dir='ltr'>Botanicos</span> <span class='ocrx_word' id='word_1_12' title='bbox 585 249 790 299; x_wconf 87' lang='lat' dir='ltr'>consulat</span> <span class='ocrx_word' id='word_1_13' title='bbox 805 279 831 307; x_wconf 58' lang='lat'>,&lt;</span> <span class='ocrx_word' id='word_1_14' title='bbox 849 251 921 295; x_wconf 90' lang='lat' dir='ltr'>vel</span> <span class='ocrx_word' id='word_1_15' title='bbox 942 246 1180 296; x_wconf 54' lang='lat' dir='ltr'>Medicinae</span> 
     </span>
     <span class='ocr_line' id='line_1_9' title="bbox 330 313 1179 377; baseline -0.006 -15"><span class='ocrx_word' id='word_1_16' title='bbox 330 315 494 364; x_wconf 84' lang='lat' dir='ltr'>lustret</span> <span class='ocrx_word' id='word_1_17' title='bbox 508 317 736 373; x_wconf 85' lang='lat' dir='ltr'>herbaria,</span> <span class='ocrx_word' id='word_1_18' title='bbox 762 315 960 377; x_wconf 84' lang='lat' dir='ltr'>stupebit</span> <span class='ocrx_word' id='word_1_19' title='bbox 978 313 1179 358; x_wconf 80' lang='lat' dir='ltr'>occultas</span> 
     </span>
     <span class='ocr_line' id='line_1_10' title="bbox 333 378 1181 443; baseline -0.007 -15"><span class='ocrx_word' id='word_1_20' title='bbox 333 379 514 429; x_wconf 88' lang='lat' dir='ltr'>sanandi</span> <span class='ocrx_word' id='word_1_21' title='bbox 528 384 722 429; x_wconf 90' lang='lat' dir='ltr'>virtutes</span> <span class='ocrx_word' id='word_1_22' title='bbox 737 418 749 435; x_wconf 91' lang='lat'>,</span> <span class='ocrx_word' id='word_1_23' title='bbox 778 380 1080 443; x_wconf 81' lang='lat' dir='ltr'>proprietates</span> <span class='ocrx_word' id='word_1_24' title='bbox 1094 378 1181 423; x_wconf 89' lang='lat' dir='ltr'>mi-</span> 
     </span>
     <span class='ocr_line' id='line_1_11' title="bbox 332 446 1181 509; baseline -0.007 -15"><span class='ocrx_word' id='word_1_25' title='bbox 332 449 506 494; x_wconf 79' lang='lat' dir='ltr'>rabitur</span> <span class='ocrx_word' id='word_1_26' title='bbox 522 446 799 509; x_wconf 84' lang='lat' dir='ltr'>paradoxas,</span> <span class='ocrx_word' id='word_1_27' title='bbox 832 458 933 508; x_wconf 83' lang='lat' dir='ltr'>quae</span> <span class='ocrx_word' id='word_1_28' title='bbox 963 456 1181 505; x_wconf 84' lang='lat' dir='ltr'>magnam</span> 
     </span>
     <span class='ocr_line' id='line_1_12' title="bbox 334 504 1182 574; baseline -0.006 -16"><span class='ocrx_word' id='word_1_29' title='bbox 334 526 511 574; x_wconf 84' lang='lat' dir='ltr'>partem</span> <span class='ocrx_word' id='word_1_30' title='bbox 542 513 833 559; x_wconf 86' lang='lat' dir='ltr'>Planetarum</span> <span class='ocrx_word' id='word_1_31' title='bbox 870 504 1066 571; x_wconf 61' lang='lat' dir='ltr'>aspefmi</span> <span class='ocrx_word' id='word_1_32' title='bbox 1100 507 1182 554; x_wconf 83' lang='lat' dir='ltr'>ad-</span> 
     </span>
     <span class='ocr_line' id='line_1_13' title="bbox 332 573 1183 639; baseline -0.007 -15"><span class='ocrx_word' id='word_1_33' title='bbox 332 575 598 639; x_wconf 83' lang='lat' dir='ltr'>scribuntur.</span> <span class='ocrx_word' id='word_1_34' title='bbox 663 576 781 624; x_wconf 87' lang='lat' dir='ltr'>T-am</span> <span class='ocrx_word' id='word_1_35' title='bbox 798 573 959 621; x_wconf 81' lang='lat' dir='ltr'>miram</span> <span class='ocrx_word' id='word_1_36' title='bbox 981 574 1183 636; x_wconf 79' lang='lat' dir='ltr'>qualita-</span> 
     </span>
     <span class='ocr_line' id='line_1_14' title="bbox 335 637 1183 704; baseline -0.006 -16"><span class='ocrx_word' id='word_1_37' title='bbox 335 655 435 688; x_wconf 90' lang='lat' dir='ltr'>tum</span> <span class='ocrx_word' id='word_1_38' title='bbox 467 641 737 704; x_wconf 80' lang='lat' dir='ltr'>temperiem</span> <span class='ocrx_word' id='word_1_39' title='bbox 771 640 801 688; x_wconf 82' lang='lat' dir='ltr'><strong>fi</strong></span> <span class='ocrx_word' id='word_1_40' title='bbox 829 642 872 686; x_wconf 90' lang='lat' dir='ltr'>in</span> <span class='ocrx_word' id='word_1_41' title='bbox 891 641 1074 700; x_wconf 72' lang='lat' dir='ltr'>&#39;plantis</span> <span class='ocrx_word' id='word_1_42' title='bbox 1103 637 1183 684; x_wconf 85' lang='lat' dir='ltr'>ad-</span> 
     </span>
     <span class='ocr_line' id='line_1_15' title="bbox 333 700 1185 762; baseline -0.006 -9"><span class='ocrx_word' id='word_1_43' title='bbox 333 708 564 754; x_wconf 77' lang='lat' dir='ltr'>mittimus</span> <span class='ocrx_word' id='word_1_44' title='bbox 582 748 593 761; x_wconf 80' lang='lat'>,</span> <span class='ocrx_word' id='word_1_45' title='bbox 615 723 695 754; x_wconf 88' lang='lat' dir='ltr'>cur</span> <span class='ocrx_word' id='word_1_46' title='bbox 713 705 905 753; x_wconf 75' lang='lat' dir='ltr'>similem</span> <span class='ocrx_word' id='word_1_47' title='bbox 920 742 932 760; x_wconf 88' lang='lat'>‚</span> <span class='ocrx_word' id='word_1_48' title='bbox 953 707 1004 762; x_wconf 66' lang='grc' dir='ltr'>ὃ(</span> <span class='ocrx_word' id='word_1_49' title='bbox 1017 700 1185 752; x_wconf 71' lang='lat' dir='ltr'>esimili</span> 
     </span>
     <span class='ocr_line' id='line_1_16' title="bbox 330 770 1184 835; baseline -0.006 -17"><span class='ocrx_word' id='word_1_50' title='bbox 330 788 489 835; x_wconf 85' lang='lat' dir='ltr'>parem</span> <span class='ocrx_word' id='word_1_51' title='bbox 510 774 731 820; x_wconf 87' lang='lat' dir='ltr'>virtutem</span> <span class='ocrx_word' id='word_1_52' title='bbox 744 773 788 818; x_wconf 87' lang='lat' dir='ltr'>in</span> <span class='ocrx_word' id='word_1_53' title='bbox 801 785 917 826; x_wconf 88' lang='lat' dir='ltr'>uno,</span> <span class='ocrx_word' id='word_1_54' title='bbox 937 782 1017 817; x_wconf 87' lang='lat' dir='ltr'>aut</span> <span class='ocrx_word' id='word_1_55' title='bbox 1037 770 1184 817; x_wconf 85' lang='lat' dir='ltr'>altero</span> 
     </span>
     <span class='ocr_line' id='line_1_17' title="bbox 333 836 1183 886; baseline -0.008 -1"><span class='ocrx_word' id='word_1_56' title='bbox 333 841 525 886; x_wconf 91' lang='lat' dir='ltr'>homine</span> <span class='ocrx_word' id='word_1_57' title='bbox 543 854 637 885; x_wconf 84' lang='lat' dir='ltr'>non</span> <span class='ocrx_word' id='word_1_58' title='bbox 654 836 988 884; x_wconf 78' lang='lat' dir='ltr'>admittamus?</span> <span class='ocrx_word' id='word_1_59' title='bbox 1022 839 1183 883; x_wconf 86' lang='lat' dir='ltr'><em>MEL.</em></span> 
     </span>
     <span class='ocr_line' id='line_1_18' title="bbox 334 898 1186 966; baseline -0.008 -15"><span class='ocrx_word' id='word_1_60' title='bbox 334 906 477 960; x_wconf 82' lang='lat' dir='ltr'>Dicis,</span> <span class='ocrx_word' id='word_1_61' title='bbox 500 903 628 966; x_wconf 89' lang='lat' dir='ltr'>quod</span> <span class='ocrx_word' id='word_1_62' title='bbox 646 903 742 949; x_wconf 86' lang='lat' dir='ltr'>dixi</span> <span class='ocrx_word' id='word_1_63' title='bbox 759 898 979 965; x_wconf 70' lang='lat' dir='ltr'>superius,</span> <span class='ocrx_word' id='word_1_64' title='bbox 998 899 1186 948; x_wconf 77' lang='lat' dir='ltr'>cumin-</span> 
     </span>
     <span class='ocr_line' id='line_1_19' title="bbox 336 968 1188 1030; baseline -0.006 -15"><span class='ocrx_word' id='word_1_65' title='bbox 336 982 404 1016; x_wconf 88' lang='lat' dir='ltr'>ter</span> <span class='ocrx_word' id='word_1_66' title='bbox 420 970 639 1016; x_wconf 87' lang='lat' dir='ltr'>naturalis</span> <span class='ocrx_word' id='word_1_67' title='bbox 662 969 827 1030; x_wconf 80' lang='lat' dir='ltr'>Magiae</span> <span class='ocrx_word' id='word_1_68' title='bbox 850 968 1067 1030; x_wconf 83' lang='lat' dir='ltr'>principia</span> <span class='ocrx_word' id='word_1_69' title='bbox 1092 979 1188 1011; x_wconf 90' lang='lat' dir='ltr'>non</span> 
     </span>
     <span class='ocr_line' id='line_1_20' title="bbox 335 1028 1186 1083; baseline -0.006 -2"><span class='ocrx_word' id='word_1_70' title='bbox 335 1035 557 1083; x_wconf 87' lang='lat' dir='ltr'>ultimum</span> <span class='ocrx_word' id='word_1_71' title='bbox 600 1032 687 1081; x_wconf 78' lang='lat' dir='ltr'>effe</span> <span class='ocrx_word' id='word_1_72' title='bbox 732 1034 931 1080; x_wconf 87' lang='lat' dir='ltr'>dicerem</span> <span class='ocrx_word' id='word_1_73' title='bbox 977 1028 1186 1079; x_wconf 89' lang='lat' dir='ltr'>coelestes</span> 
     </span>
     <span class='ocr_line' id='line_1_21' title="bbox 335 1099 1185 1161; baseline -0.005 -16"><span class='ocrx_word' id='word_1_74' title='bbox 335 1099 553 1148; x_wconf 87' lang='lat' dir='ltr'>influxus.</span> <span class='ocrx_word' id='word_1_75' title='bbox 618 1102 676 1147; x_wconf 89' lang='lat' dir='ltr'>Et</span> <span class='ocrx_word' id='word_1_76' title='bbox 701 1100 812 1161; x_wconf 87' lang='lat' dir='ltr'>quia</span> <span class='ocrx_word' id='word_1_77' title='bbox 837 1099 1109 1147; x_wconf 86' lang='lat' dir='ltr'>Botanicam</span> <span class='ocrx_word' id='word_1_78' title='bbox 1138 1111 1185 1141; x_wconf 91' lang='lat' dir='ltr'>es</span> 
     </span>
     <span class='ocr_line' id='line_1_22' title="bbox 333 1161 1186 1229; baseline -0.008 -17"><span class='ocrx_word' id='word_1_79' title='bbox 333 1164 549 1229; x_wconf 81' lang='lat' dir='ltr'>ingressus</span> <span class='ocrx_word' id='word_1_80' title='bbox 575 1203 587 1222; x_wconf 90' lang='lat'>‚</span> <span class='ocrx_word' id='word_1_81' title='bbox 633 1180 771 1215; x_wconf 84' lang='lat' dir='ltr'>unam</span> <span class='ocrx_word' id='word_1_82' title='bbox 799 1166 850 1214; x_wconf 91' lang='lat'>&amp;</span> <span class='ocrx_word' id='word_1_83' title='bbox 881 1166 1075 1211; x_wconf 83' lang='lat' dir='ltr'>alteram</span> <span class='ocrx_word' id='word_1_84' title='bbox 1103 1161 1186 1208; x_wconf 87' lang='lat' dir='ltr'>tibi</span> 
     </span>
     <span class='ocr_line' id='line_1_23' title="bbox 332 1228 1186 1294; baseline -0.006 -16"><span class='ocrx_word' id='word_1_85' title='bbox 332 1230 598 1279; x_wconf 82' lang='lat' dir='ltr'>monstrabo</span> <span class='ocrx_word' id='word_1_86' title='bbox 616 1231 851 1294; x_wconf 80' lang='lat' dir='ltr'>plantam,</span> <span class='ocrx_word' id='word_1_87' title='bbox 887 1231 1017 1292; x_wconf 72' lang='lat' dir='ltr'>quus</span> <span class='ocrx_word' id='word_1_88' title='bbox 1040 1228 1186 1274; x_wconf 87' lang='lat' dir='ltr'>virtu-</span> 
     </span>
    </p>
   </div>
   <div class='ocr_carea' id='block_1_4' title="bbox 313 1291 1184 1360">
    <p class='ocr_par' dir='ltr' id='par_1_4' title="bbox 313 1291 1184 1360">
     <span class='ocr_line' id='line_1_24' title="bbox 313 1291 1184 1360; baseline -0.008 -15"><span class='ocrx_word' id='word_1_89' title='bbox 313 1310 429 1344; x_wconf 85' lang='lat' dir='ltr'>:tem</span> <span class='ocrx_word' id='word_1_90' title='bbox 447 1298 676 1360; x_wconf 81' lang='lat' dir='ltr'>Magicam</span> <span class='ocrx_word' id='word_1_91' title='bbox 690 1291 715 1343; x_wconf 78' lang='grc' dir='ltr'>ὲ</span> <span class='ocrx_word' id='word_1_92' title='bbox 729 1307 854 1343; x_wconf 81' lang='lat' dir='ltr'>terrae</span> <span class='ocrx_word' id='word_1_93' title='bbox 866 1333 880 1352; x_wconf 90' lang='lat'>,</span> <span class='ocrx_word' id='word_1_94' title='bbox 917 1297 1157 1343; x_wconf 83' lang='lat' dir='ltr'>climatum</span> <span class='ocrx_word' id='word_1_95' title='bbox 1169 1328 1184 1348; x_wconf 89' lang='lat'>,</span> 
     </span>
    </p>
   </div>
   <div class='ocr_carea' id='block_1_5' title="bbox 322 1357 1184 2736">
    <p class='ocr_par' dir='ltr' id='par_1_5' title="bbox 322 1357 1184 2736">
     <span class='ocr_line' id='line_1_25' title="bbox 332 1357 1184 1425; baseline -0.009 -14"><span class='ocrx_word' id='word_1_96' title='bbox 332 1358 639 1425; x_wconf 72' lang='lat' dir='ltr'>Sidert‘unque</span> <span class='ocrx_word' id='word_1_97' title='bbox 661 1361 839 1409; x_wconf 80' lang='lat' dir='ltr'>influxu</span> <span class='ocrx_word' id='word_1_98' title='bbox 864 1361 993 1407; x_wconf 82' lang='lat' dir='ltr'>vario</span> <span class='ocrx_word' id='word_1_99' title='bbox 1014 1357 1184 1420; x_wconf 84' lang='lat' dir='ltr'>dijudi-</span> 
     </span>
     <span class='ocr_line' id='line_1_26' title="bbox 326 1423 1184 1490; baseline -0.009 -14"><span class='ocrx_word' id='word_1_100' title='bbox 326 1429 466 1476; x_wconf 79' lang='lat' dir='ltr'>cabis.</span> <span class='ocrx_word' id='word_1_101' title='bbox 554 1431 795 1490; x_wconf 84' lang='lat' dir='ltr'>Serpentes</span> <span class='ocrx_word' id='word_1_102' title='bbox 820 1441 1000 1489; x_wconf 55' lang='lat' dir='ltr'>querna*</span> <span class='ocrx_word' id='word_1_103' title='bbox 1017 1423 1184 1473; x_wconf 84' lang='lat' dir='ltr'>fronde</span> 
     </span>
     <span class='ocr_line' id='line_1_27' title="bbox 329 1488 1183 1555; baseline -0.009 -13"><span class='ocrx_word' id='word_1_104' title='bbox 329 1490 530 1542; x_wconf 68' lang='lat' dir='ltr'>contae&#39;ti</span> <span class='ocrx_word' id='word_1_105' title='bbox 551 1493 868 1552; x_wconf 84' lang='lat' dir='ltr'>emoriuntur;</span> <span class='ocrx_word' id='word_1_106' title='bbox 905 1493 1070 1555; x_wconf 87' lang='lat' dir='ltr'>viperae</span> <span class='ocrx_word' id='word_1_107' title='bbox 1090 1488 1183 1550; x_wconf 82' lang='lat' dir='ltr'>fagi</span> 
     </span>
     <span class='ocr_line' id='line_1_28' title="bbox 329 1555 1183 1624; baseline -0.007 -18"><span class='ocrx_word' id='word_1_108' title='bbox 329 1559 458 1624; x_wconf 66' lang='lat' dir='ltr'>&#39;virga</span> <span class='ocrx_word' id='word_1_109' title='bbox 467 1556 673 1622; x_wconf 80' lang='lat' dir='ltr'>percuffae</span> <span class='ocrx_word' id='word_1_110' title='bbox 684 1555 1025 1621; x_wconf 88' lang='lat' dir='ltr'>obstupescunt:</span> <span class='ocrx_word' id='word_1_111' title='bbox 1053 1556 1183 1604; x_wconf 83' lang='lat' dir='ltr'>alunt</span> 
     </span>
     <span class='ocr_line' id='line_1_29' title="bbox 329 1622 1180 1691; baseline -0.009 -17"><span class='ocrx_word' id='word_1_112' title='bbox 329 1627 522 1691; x_wconf 84' lang='lat' dir='ltr'>quoque</span> <span class='ocrx_word' id='word_1_113' title='bbox 556 1626 743 1673; x_wconf 85' lang='lat' dir='ltr'>herbam</span> <span class='ocrx_word' id='word_1_114' title='bbox 781 1637 965 1671; x_wconf 86' lang='lat' dir='ltr'>montes</span> <span class='ocrx_word' id='word_1_115' title='bbox 1007 1622 1180 1675; x_wconf 63' lang='lat' dir='ltr'>Italiae,</span> 
     </span>
     <span class='ocr_line' id='line_1_30' title="bbox 328 1689 1181 1756; baseline -0.008 -17"><span class='ocrx_word' id='word_1_116' title='bbox 328 1708 430 1756; x_wconf 83' lang='lat' dir='ltr'>quae</span> <span class='ocrx_word' id='word_1_117' title='bbox 455 1693 511 1738; x_wconf 88' lang='lat' dir='ltr'>ab</span> <span class='ocrx_word' id='word_1_118' title='bbox 540 1692 670 1754; x_wconf 89' lang='lat' dir='ltr'>equis</span> <span class='ocrx_word' id='word_1_119' title='bbox 694 1692 860 1737; x_wconf 84' lang='lat' dir='ltr'>calcata</span> <span class='ocrx_word' id='word_1_120' title='bbox 878 1689 1074 1752; x_wconf 79' lang='lat' dir='ltr'>ungulas</span> <span class='ocrx_word' id='word_1_121' title='bbox 1102 1702 1181 1732; x_wconf 88' lang='lat' dir='ltr'>ex-</span> 
     </span>
     <span class='ocr_line' id='line_1_31' title="bbox 327 1754 1179 1819; baseline -0.011 -13"><span class='ocrx_word' id='word_1_122' title='bbox 327 1759 484 1806; x_wconf 84' lang='lat' dir='ltr'>trahit.</span> <span class='ocrx_word' id='word_1_123' title='bbox 553 1759 832 1819; x_wconf 78' lang='lat' dir='ltr'>Eryngium‚</span> <span class='ocrx_word' id='word_1_124' title='bbox 851 1754 998 1803; x_wconf 78' lang='lat' dir='ltr'>herbae</span> <span class='ocrx_word' id='word_1_125' title='bbox 1017 1767 1179 1817; x_wconf 78' lang='lat' dir='ltr'>genus,</span> 
     </span>
     <span class='ocr_line' id='line_1_32' title="bbox 328 1819 1181 1886; baseline -0.007 -15"><span class='ocrx_word' id='word_1_126' title='bbox 328 1826 396 1871; x_wconf 91' lang='lat' dir='ltr'>ori</span> <span class='ocrx_word' id='word_1_127' title='bbox 407 1823 595 1886; x_wconf 76' lang='lat' dir='ltr'>capellae</span> <span class='ocrx_word' id='word_1_128' title='bbox 605 1819 831 1885; x_wconf 78' lang='lat' dir='ltr'>ingestum</span> <span class='ocrx_word' id='word_1_129' title='bbox 845 1859 856 1877; x_wconf 90' lang='lat'>‚</span> <span class='ocrx_word' id='word_1_130' title='bbox 879 1833 977 1868; x_wconf 81' lang='lat' dir='ltr'>tota</span> <span class='ocrx_word' id='word_1_131' title='bbox 988 1819 1098 1868; x_wconf 79' lang='lat' dir='ltr'>sistit</span> <span class='ocrx_word' id='word_1_132' title='bbox 1112 1834 1181 1864; x_wconf 86' lang='lat' dir='ltr'>ar-</span> 
     </span>
     <span class='ocr_line' id='line_1_33' title="bbox 326 1887 1182 1950; baseline -0.011 -12"><span class='ocrx_word' id='word_1_133' title='bbox 326 1901 486 1938; x_wconf 87' lang='lat' dir='ltr'>menta</span> <span class='ocrx_word' id='word_1_134' title='bbox 499 1926 511 1945; x_wconf 85' lang='lat'>,</span> <span class='ocrx_word' id='word_1_135' title='bbox 537 1901 589 1935; x_wconf 89' lang='lat' dir='ltr'>ut</span> <span class='ocrx_word' id='word_1_136' title='bbox 604 1889 779 1950; x_wconf 82' lang='lat' dir='ltr'>absque</span> <span class='ocrx_word' id='word_1_137' title='bbox 793 1888 946 1950; x_wconf 89' lang='lat' dir='ltr'>Tityri</span> <span class='ocrx_word' id='word_1_138' title='bbox 961 1887 1182 1949; x_wconf 79' lang='lat' dir='ltr'>vigilante</span> 
     </span>
     <span class='ocr_line' id='line_1_34' title="bbox 323 1952 1181 2020; baseline -0.009 -17"><span class='ocrx_word' id='word_1_139' title='bbox 323 1953 448 2020; x_wconf 86' lang='lat' dir='ltr'>pedo</span> <span class='ocrx_word' id='word_1_140' title='bbox 461 1993 473 2012; x_wconf 93' lang='lat'>‚</span> <span class='ocrx_word' id='word_1_141' title='bbox 507 1955 672 2000; x_wconf 87' lang='lat' dir='ltr'>ovium</span> <span class='ocrx_word' id='word_1_142' title='bbox 687 1953 816 2000; x_wconf 88' lang='lat' dir='ltr'>nulla</span> <span class='ocrx_word' id='word_1_143' title='bbox 835 1965 977 2016; x_wconf 83' lang='lat' dir='ltr'>queat</span> <span class='ocrx_word' id='word_1_144' title='bbox 989 1952 1181 2013; x_wconf 79' lang='lat' dir='ltr'>aufuge-</span> 
     </span>
     <span class='ocr_line' id='line_1_35' title="bbox 323 2017 1181 2082; baseline -0.008 -14"><span class='ocrx_word' id='word_1_145' title='bbox 323 2037 373 2068; x_wconf 88' lang='lat' dir='ltr'>re</span> <span class='ocrx_word' id='word_1_146' title='bbox 384 2059 397 2078; x_wconf 79' lang='lat'>,</span> <span class='ocrx_word' id='word_1_147' title='bbox 424 2021 497 2067; x_wconf 87' lang='lat' dir='ltr'>vel</span> <span class='ocrx_word' id='word_1_148' title='bbox 511 2019 716 2066; x_wconf 87' lang='lat' dir='ltr'>aberrare</span> <span class='ocrx_word' id='word_1_149' title='bbox 729 2057 741 2076; x_wconf 90' lang='lat'>‚</span> <span class='ocrx_word' id='word_1_150' title='bbox 755 2019 1030 2082; x_wconf 85' lang='lat' dir='ltr'>usquedum</span> <span class='ocrx_word' id='word_1_151' title='bbox 1043 2017 1181 2064; x_wconf 88' lang='lat' dir='ltr'>herba</span> 
     </span>
     <span class='ocr_line' id='line_1_36' title="bbox 323 2081 1180 2148; baseline -0.007 -15"><span class='ocrx_word' id='word_1_152' title='bbox 323 2087 417 2134; x_wconf 87' lang='lat' dir='ltr'>haec</span> <span class='ocrx_word' id='word_1_153' title='bbox 444 2087 769 2148; x_wconf 87' lang='lat' dir='ltr'>thavmaturga</span> <span class='ocrx_word' id='word_1_154' title='bbox 793 2101 875 2132; x_wconf 89' lang='lat' dir='ltr'>ore</span> <span class='ocrx_word' id='word_1_155' title='bbox 897 2081 1056 2131; x_wconf 69' lang='lat' dir='ltr'>denuo</span> <span class='ocrx_word' id='word_1_156' title='bbox 1082 2081 1180 2129; x_wconf 89' lang='lat' dir='ltr'>exi-</span> 
     </span>
     <span class='ocr_line' id='line_1_37' title="bbox 325 2148 1181 2219; baseline -0.007 -20"><span class='ocrx_word' id='word_1_157' title='bbox 325 2164 495 2199; x_wconf 86' lang='lat' dir='ltr'>matur.</span> <span class='ocrx_word' id='word_1_158' title='bbox 589 2150 719 2219; x_wconf 70' lang='lat' dir='ltr'>Qud</span> <span class='ocrx_word' id='word_1_159' title='bbox 744 2149 894 2197; x_wconf 87' lang='lat' dir='ltr'>dicam</span> <span class='ocrx_word' id='word_1_160' title='bbox 915 2149 973 2197; x_wconf 91' lang='lat' dir='ltr'>de</span> <span class='ocrx_word' id='word_1_161' title='bbox 996 2148 1181 2196; x_wconf 86' lang='lat' dir='ltr'>virtuti-</span> 
     </span>
     <span class='ocr_line' id='line_1_38' title="bbox 325 2214 1179 2279; baseline -0.007 -14"><span class='ocrx_word' id='word_1_162' title='bbox 325 2219 410 2265; x_wconf 91' lang='lat' dir='ltr'>bus</span> <span class='ocrx_word' id='word_1_163' title='bbox 424 2217 667 2265; x_wconf 85' lang='lat' dir='ltr'>herbarum</span> <span class='ocrx_word' id='word_1_164' title='bbox 690 2215 879 2276; x_wconf 83' lang='lat' dir='ltr'>medicis</span> <span class='ocrx_word' id='word_1_165' title='bbox 902 2253 916 2272; x_wconf 89' lang='lat'>,</span> <span class='ocrx_word' id='word_1_166' title='bbox 953 2226 1054 2279; x_wconf 79' lang='lat' dir='ltr'>quae</span> <span class='ocrx_word' id='word_1_167' title='bbox 1078 2214 1179 2263; x_wconf 87' lang='lat' dir='ltr'>Oe-</span> 
     </span>
     <span class='ocr_line' id='line_1_39' title="bbox 323 2280 1176 2346; baseline -0.005 -16"><span class='ocrx_word' id='word_1_168' title='bbox 323 2282 485 2346; x_wconf 85' lang='lat' dir='ltr'>dipum</span> <span class='ocrx_word' id='word_1_169' title='bbox 501 2284 602 2346; x_wconf 87' lang='lat' dir='ltr'>jure</span> <span class='ocrx_word' id='word_1_170' title='bbox 622 2291 829 2345; x_wconf 87' lang='lat' dir='ltr'>peterent</span> <span class='ocrx_word' id='word_1_171' title='bbox 842 2283 1143 2331; x_wconf 79' lang='lat' dir='ltr'>Salomonem</span> <span class='ocrx_word' id='word_1_172' title='bbox 1159 2280 1176 2327; x_wconf 89' lang='lat'>?</span> 
     </span>
     <span class='ocr_line' id='line_1_40' title="bbox 326 2344 1175 2411; baseline -0.002 -16"><span class='ocrx_word' id='word_1_173' title='bbox 326 2344 400 2396; x_wconf 83' lang='lat' dir='ltr'>sed</span> <span class='ocrx_word' id='word_1_174' title='bbox 433 2363 540 2395; x_wconf 91' lang='lat' dir='ltr'>cum</span> <span class='ocrx_word' id='word_1_175' title='bbox 565 2348 819 2395; x_wconf 87' lang='lat' dir='ltr'>Salomone</span> <span class='ocrx_word' id='word_1_176' title='bbox 844 2349 1052 2411; x_wconf 83' lang='lat' dir='ltr'>Magiam</span> <span class='ocrx_word' id='word_1_177' title='bbox 1084 2349 1175 2396; x_wconf 90' lang='lat' dir='ltr'>Bo-</span> 
     </span>
     <span class='ocr_line' id='line_1_41' title="bbox 324 2409 1176 2476; baseline -0.002 -15"><span class='ocrx_word' id='word_1_178' title='bbox 324 2415 525 2461; x_wconf 64' lang='lat' dir='ltr'>&gt;tanicam</span> <span class='ocrx_word' id='word_1_179' title='bbox 538 2409 745 2476; x_wconf 82' lang='lat' dir='ltr'>sepelivit</span> <span class='ocrx_word' id='word_1_180' title='bbox 755 2413 948 2471; x_wconf 91' lang='lat' dir='ltr'>Natura,</span> <span class='ocrx_word' id='word_1_181' title='bbox 972 2424 1027 2461; x_wconf 86' lang='lat' dir='ltr'>ut</span> <span class='ocrx_word' id='word_1_182' title='bbox 1040 2410 1176 2461; x_wconf 83' lang='lat' dir='ltr'>sciant</span> 
     </span>
     <span class='ocr_line' id='line_1_42' title="bbox 324 2480 1175 2535; baseline -0.006 -7"><span class='ocrx_word' id='word_1_183' title='bbox 324 2480 551 2528; x_wconf 86' lang='lat' dir='ltr'>Mortales</span> <span class='ocrx_word' id='word_1_184' title='bbox 582 2515 595 2535; x_wconf 89' lang='lat'>‚</span> <span class='ocrx_word' id='word_1_185' title='bbox 641 2493 780 2526; x_wconf 79' lang='lat' dir='ltr'>contra</span> <span class='ocrx_word' id='word_1_186' title='bbox 807 2481 898 2526; x_wconf 83' lang='lat' dir='ltr'>vim</span> <span class='ocrx_word' id='word_1_187' title='bbox 928 2483 1069 2527; x_wconf 81' lang='lat' dir='ltr'>mortis</span> <span class='ocrx_word' id='word_1_188' title='bbox 1099 2495 1175 2524; x_wconf 86' lang='lat' dir='ltr'>non</span> 
     </span>
     <span class='ocr_line' id='line_1_43' title="bbox 323 2545 1176 2606; baseline -0.002 -15"><span class='ocrx_word' id='word_1_189' title='bbox 323 2545 397 2606; x_wconf 82' lang='lat' dir='ltr'>effe</span> <span class='ocrx_word' id='word_1_190' title='bbox 427 2548 669 2606; x_wconf 74' lang='lat' dir='ltr'>medicamen</span> <span class='ocrx_word' id='word_1_191' title='bbox 701 2549 741 2591; x_wconf 79' lang='lat' dir='ltr'>in</span> <span class='ocrx_word' id='word_1_192' title='bbox 779 2547 907 2591; x_wconf 81' lang='lat' dir='ltr'>hortis</span> <span class='ocrx_word' id='word_1_193' title='bbox 938 2562 950 2591; x_wconf 93' lang='lat'>.·</span> <span class='ocrx_word' id='word_1_194' title='bbox 999 2546 1072 2593; x_wconf 90' lang='lat' dir='ltr'>Ut</span> <span class='ocrx_word' id='word_1_195' title='bbox 1105 2545 1176 2590; x_wconf 90' lang='lat' dir='ltr'>in-</span> 
     </span>
     <span class='ocr_line' id='line_1_44' title="bbox 323 2609 1176 2672; baseline -0.001 -16"><span class='ocrx_word' id='word_1_196' title='bbox 323 2609 611 2672; x_wconf 83' lang='lat' dir='ltr'>telligerent,</span> <span class='ocrx_word' id='word_1_197' title='bbox 637 2610 786 2656; x_wconf 88' lang='lat' dir='ltr'>nonin</span> <span class='ocrx_word' id='word_1_198' title='bbox 801 2609 951 2657; x_wconf 85' lang='lat' dir='ltr'>herbis</span> <span class='ocrx_word' id='word_1_199' title='bbox 965 2646 979 2666; x_wconf 87' lang='lat'>‚</span> <span class='ocrx_word' id='word_1_200' title='bbox 1004 2612 1056 2659; x_wconf 87' lang='lat'>&amp;</span> <span class='ocrx_word' id='word_1_201' title='bbox 1073 2624 1176 2656; x_wconf 89' lang='lat' dir='ltr'>ver-</span> 
     </span>
     <span class='ocr_line' id='line_1_45' title="bbox 322 2671 1177 2736; baseline 0.002 -13"><span class='ocrx_word' id='word_1_202' title='bbox 322 2675 393 2724; x_wconf 84' lang='lat' dir='ltr'>bis</span> <span class='ocrx_word' id='word_1_203' title='bbox 413 2711 429 2733; x_wconf 83' lang='lat'>,</span> <span class='ocrx_word' id='word_1_204' title='bbox 468 2671 543 2724; x_wconf 83' lang='lat' dir='ltr'>sed</span> <span class='ocrx_word' id='word_1_205' title='bbox 565 2675 614 2722; x_wconf 79' lang='lat' dir='ltr'>in</span> <span class='ocrx_word' id='word_1_206' title='bbox 635 2674 808 2723; x_wconf 83' lang='lat' dir='ltr'>virtute</span> <span class='ocrx_word' id='word_1_207' title='bbox 826 2672 918 2726; x_wconf 61' lang='lat' dir='ltr'>sola</span> <span class='ocrx_word' id='word_1_208' title='bbox 938 2672 1177 2736; x_wconf 77' lang='lat' dir='ltr'>consistere</span> 
     </span>
    </p>
   </div>
   <div class='ocr_carea' id='block_1_6' title="bbox 1002 66 1396 131">
    <p class='ocr_par' dir='ltr' id='par_1_6' title="bbox 1002 66 1396 131">
     <span class='ocr_line' id='line_1_46' title="bbox 1002 66 1396 131; baseline 0.005 -17"><span class='ocrx_word' id='word_1_209' title='bbox 1002 69 1192 119; x_wconf 69' lang='lat' dir='ltr'>Ariadne</span> <span class='ocrx_word' id='word_1_210' title='bbox 1222 66 1396 131; x_wconf 71' lang='lat' dir='ltr'>Phyficae.</span> 
     </span>
    </p>
   </div>
   <div class='ocr_carea' id='block_1_7' title="bbox 1235 182 2091 971">
    <p class='ocr_par' dir='ltr' id='par_1_7' title="bbox 1235 182 2091 971">
     <span class='ocr_line' id='line_1_47' title="bbox 1235 182 2077 251; baseline 0.005 -20"><span class='ocrx_word' id='word_1_211' title='bbox 1235 182 1437 235; x_wconf 76' lang='lat' dir='ltr'>solidam</span> <span class='ocrx_word' id='word_1_212' title='bbox 1465 186 1804 251; x_wconf 52' lang='lat' dir='ltr'>sapientiam*</span> <span class='ocrx_word' id='word_1_213' title='bbox 1831 217 1835 220; x_wconf 90' lang='lat'><em>-</em></span> <span class='ocrx_word' id='word_1_214' title='bbox 1887 187 2077 251; x_wconf 77' lang='lat' dir='ltr'>Legeris</span> 
     </span>
     <span class='ocr_line' id='line_1_48' title="bbox 1238 249 2081 316; baseline 0.002 -18"><span class='ocrx_word' id='word_1_215' title='bbox 1238 249 1390 315; x_wconf 72' lang='lat' dir='ltr'>saepius</span> <span class='ocrx_word' id='word_1_216' title='bbox 1405 255 1422 308; x_wconf 91' lang='lat'>‚&#39;</span> <span class='ocrx_word' id='word_1_217' title='bbox 1445 254 1704 316; x_wconf 79' lang='lat' dir='ltr'>origanum</span> <span class='ocrx_word' id='word_1_218' title='bbox 1720 256 1919 304; x_wconf 82' lang='lat' dir='ltr'>Ciconiae</span> <span class='ocrx_word' id='word_1_219' title='bbox 1936 292 1949 310; x_wconf 92' lang='lat'><strong>‚</strong></span> <span class='ocrx_word' id='word_1_220' title='bbox 1983 254 2081 302; x_wconf 55' lang='lat' dir='ltr'>Saia</span> 
     </span>
     <span class='ocr_line' id='line_1_49' title="bbox 1239 318 2082 368; baseline 0.001 -4"><span class='ocrx_word' id='word_1_221' title='bbox 1239 319 1361 365; x_wconf 81' lang='lat' dir='ltr'>viam</span> <span class='ocrx_word' id='word_1_222' title='bbox 1379 319 1541 366; x_wconf 86' lang='lat' dir='ltr'>bufoni</span> <span class='ocrx_word' id='word_1_223' title='bbox 1566 320 1850 368; x_wconf 87' lang='lat' dir='ltr'>medicamen</span> <span class='ocrx_word' id='word_1_224' title='bbox 1869 318 1954 367; x_wconf 78' lang='lat' dir='ltr'>esse</span> <span class='ocrx_word' id='word_1_225' title='bbox 1972 334 2082 366; x_wconf 85' lang='lat' dir='ltr'>con-</span> 
     </span>
     <span class='ocr_line' id='line_1_50' title="bbox 1239 381 2080 448; baseline 0 -18"><span class='ocrx_word' id='word_1_226' title='bbox 1239 397 1305 431; x_wconf 90' lang='lat' dir='ltr'>tra</span> <span class='ocrx_word' id='word_1_227' title='bbox 1332 381 1506 431; x_wconf 83' lang='lat' dir='ltr'>morsus</span> <span class='ocrx_word' id='word_1_228' title='bbox 1544 397 1796 434; x_wconf 86' lang='lat' dir='ltr'>venenatos</span> <span class='ocrx_word' id='word_1_229' title='bbox 1831 383 2080 448; x_wconf 82' lang='lat' dir='ltr'>serpentis:</span> 
     </span>
     <span class='ocr_line' id='line_1_51' title="bbox 1237 449 2081 513; baseline -0.002 -15"><span class='ocrx_word' id='word_1_230' title='bbox 1237 449 1534 513; x_wconf 8' lang='lat' dir='ltr'>Sidet-itidem*-</span> <span class='ocrx_word' id='word_1_231' title='bbox 1589 450 1779 498; x_wconf 90' lang='lat' dir='ltr'>herbam</span> <span class='ocrx_word' id='word_1_232' title='bbox 1846 451 2081 513; x_wconf 85' lang='lat' dir='ltr'>Aquaticis</span> 
     </span>
     <span class='ocr_line' id='line_1_52' title="bbox 1236 511 2087 578; baseline 0.002 -17"><span class='ocrx_word' id='word_1_233' title='bbox 1236 516 1431 578; x_wconf 85' lang='lat' dir='ltr'>praebere</span> <span class='ocrx_word' id='word_1_234' title='bbox 1455 516 1751 577; x_wconf 81' lang='lat' dir='ltr'>pharmacum</span> <span class='ocrx_word' id='word_1_235' title='bbox 1782 511 2087 578; x_wconf 78' lang='lat' dir='ltr'>praestantissi-</span> 
     </span>
     <span class='ocr_line' id='line_1_53' title="bbox 1238 580 2089 644; baseline 0 -16"><span class='ocrx_word' id='word_1_236' title='bbox 1238 596 1384 628; x_wconf 88' lang='lat' dir='ltr'>mum.</span> <span class='ocrx_word' id='word_1_237' title='bbox 1455 582 1684 638; x_wconf 89' lang='lat' dir='ltr'>Noveris,</span> <span class='ocrx_word' id='word_1_238' title='bbox 1720 580 1855 644; x_wconf 79' lang='lat' dir='ltr'>quod</span> <span class='ocrx_word' id='word_1_239' title='bbox 1874 583 1992 629; x_wconf 86' lang='lat' dir='ltr'>lauri</span> <span class='ocrx_word' id='word_1_240' title='bbox 2013 581 2089 629; x_wconf 93' lang='lat' dir='ltr'>fo-</span> 
     </span>
     <span class='ocr_line' id='line_1_54' title="bbox 1240 647 2088 709; baseline -0.001 -15"><span class='ocrx_word' id='word_1_241' title='bbox 1240 648 1360 694; x_wconf 89' lang='lat' dir='ltr'>lium</span> <span class='ocrx_word' id='word_1_242' title='bbox 1384 647 1578 695; x_wconf 86' lang='lat' dir='ltr'>Merulis</span> <span class='ocrx_word' id='word_1_243' title='bbox 1606 647 1750 709; x_wconf 85' lang='lat' dir='ltr'>pellat</span> <span class='ocrx_word' id='word_1_244' title='bbox 1785 648 2051 693; x_wconf 87' lang='lat' dir='ltr'>anorexiam</span> <span class='ocrx_word' id='word_1_245' title='bbox 2075 682 2088 702; x_wconf 87' lang='lat'>,</span> 
     </span>
     <span class='ocr_line' id='line_1_55' title="bbox 1240 709 2091 774; baseline -0.006 -13"><span class='ocrx_word' id='word_1_246' title='bbox 1240 713 1352 761; x_wconf 88' lang='lat' dir='ltr'>Picis</span> <span class='ocrx_word' id='word_1_247' title='bbox 1393 710 1600 759; x_wconf 87' lang='lat' dir='ltr'>restituat</span> <span class='ocrx_word' id='word_1_248' title='bbox 1620 709 1872 760; x_wconf 62' lang='lat' dir='ltr'>‘sanitatem</span> <span class='ocrx_word' id='word_1_249' title='bbox 1900 721 1929 758; x_wconf 58' lang='lat'>:¹</span> <span class='ocrx_word' id='word_1_250' title='bbox 1958 709 2091 774; x_wconf 73' lang='lat' dir='ltr'>quod</span> 
     </span>
     <span class='ocr_line' id='line_1_56' title="bbox 1241 774 2090 825; baseline -0.005 -1"><span class='ocrx_word' id='word_1_251' title='bbox 1241 776 1500 824; x_wconf 86' lang='lat' dir='ltr'>chelidonia</span> <span class='ocrx_word' id='word_1_252' title='bbox 1524 777 1604 825; x_wconf 92' lang='lat' dir='ltr'>det</span> <span class='ocrx_word' id='word_1_253' title='bbox 1640 774 1788 825; x_wconf 91' lang='lat' dir='ltr'>visum</span> <span class='ocrx_word' id='word_1_254' title='bbox 1820 776 2090 825; x_wconf 81' lang='lat' dir='ltr'>Hirundini:</span> 
     </span>
     <span class='ocr_line' id='line_1_57' title="bbox 1241 838 2091 892; baseline -0.002 -2"><span class='ocrx_word' id='word_1_255' title='bbox 1241 838 1504 890; x_wconf 54' lang='lat' dir='ltr'>diffitamnus</span> <span class='ocrx_word' id='word_1_256' title='bbox 1531 843 1723 891; x_wconf 87' lang='lat' dir='ltr'>fatalem</span> <span class='ocrx_word' id='word_1_257' title='bbox 1754 845 1911 892; x_wconf 88' lang='lat' dir='ltr'>Cervo</span> <span class='ocrx_word' id='word_1_258' title='bbox 1940 847 2091 889; x_wconf 83' lang='lat' dir='ltr'>extra-</span> 
     </span>
     <span class='ocr_line' id='line_1_58' title="bbox 1241 905 2091 971; baseline -0.001 -16"><span class='ocrx_word' id='word_1_259' title='bbox 1241 909 1322 955; x_wconf 86' lang='lat' dir='ltr'>hat</span> <span class='ocrx_word' id='word_1_260' title='bbox 1346 905 1589 971; x_wconf 82' lang='lat' dir='ltr'>sagittam:</span> <span class='ocrx_word' id='word_1_261' title='bbox 1640 906 1772 971; x_wconf 70' lang='lat' dir='ltr'>quod</span> <span class='ocrx_word' id='word_1_262' title='bbox 1803 911 1915 957; x_wconf 86' lang='lat' dir='ltr'>Sinae</span> <span class='ocrx_word' id='word_1_263' title='bbox 1946 906 2091 970; x_wconf 87' lang='lat' dir='ltr'>poda-</span> 
     </span>
    </p>
   </div>
   <div class='ocr_carea' id='block_1_8' title="bbox 1225 971 2088 1038">
    <p class='ocr_par' dir='ltr' id='par_1_8' title="bbox 1225 971 2088 1038">
     <span class='ocr_line' id='line_1_59' title="bbox 1225 971 2088 1038; baseline -0.001 -18"><span class='ocrx_word' id='word_1_264' title='bbox 1225 989 1370 1038; x_wconf 80' lang='lat' dir='ltr'>·gram</span> <span class='ocrx_word' id='word_1_265' title='bbox 1393 1011 1408 1032; x_wconf 91' lang='lat'>,</span> <span class='ocrx_word' id='word_1_266' title='bbox 1457 972 1591 1036; x_wconf 72' lang='lat' dir='ltr'>quod</span> <span class='ocrx_word' id='word_1_267' title='bbox 1614 974 1843 1022; x_wconf 83' lang='lat' dir='ltr'>calculum</span> <span class='ocrx_word' id='word_1_268' title='bbox 1861 971 2088 1028; x_wconf 70' lang='lat' dir='ltr'>nesciant,</span> 
     </span>
    </p>
   </div>
   <div class='ocr_carea' id='block_1_9' title="bbox 1228 1038 2091 2792">
    <p class='ocr_par' dir='ltr' id='par_1_9' title="bbox 1236 1038 2091 1822">
     <span class='ocr_line' id='line_1_60' title="bbox 1238 1038 2091 1103; baseline -0.002 -17"><span class='ocrx_word' id='word_1_269' title='bbox 1238 1038 1375 1102; x_wconf 61' lang='lat' dir='ltr'>quod</span> <span class='ocrx_word' id='word_1_270' title='bbox 1405 1040 1459 1086; x_wconf 89' lang='lat' dir='ltr'>ab</span> <span class='ocrx_word' id='word_1_271' title='bbox 1484 1040 1612 1085; x_wconf 87' lang='lat' dir='ltr'>omni</span> <span class='ocrx_word' id='word_1_272' title='bbox 1629 1041 1873 1103; x_wconf 84' lang='lat' dir='ltr'>&#39;vaporum</span> <span class='ocrx_word' id='word_1_273' title='bbox 1894 1039 2091 1101; x_wconf 79' lang='lat' dir='ltr'>fuligine</span> 
     </span>
     <span class='ocr_line' id='line_1_61' title="bbox 1239 1101 2090 1168; baseline -0.001 -15"><span class='ocrx_word' id='word_1_274' title='bbox 1239 1106 1396 1161; x_wconf 80' lang='lat' dir='ltr'>liberi,</span> <span class='ocrx_word' id='word_1_275' title='bbox 1431 1105 1597 1168; x_wconf 82' lang='lat' dir='ltr'>plantae</span> <span class='ocrx_word' id='word_1_276' title='bbox 1608 1102 1698 1153; x_wconf 60' lang='lat' dir='ltr'>Chi</span> <span class='ocrx_word' id='word_1_277' title='bbox 1717 1101 1923 1153; x_wconf 74' lang='lat' dir='ltr'>referunt</span> <span class='ocrx_word' id='word_1_278' title='bbox 1947 1106 1993 1152; x_wconf 89' lang='lat' dir='ltr'>in</span> <span class='ocrx_word' id='word_1_279' title='bbox 2019 1112 2090 1152; x_wconf 67' lang='lat' dir='ltr'>ae·</span> 
     </span>
     <span class='ocr_line' id='line_1_62' title="bbox 1238 1171 1465 1234; baseline 0 -17"><span class='ocrx_word' id='word_1_280' title='bbox 1238 1171 1398 1234; x_wconf 84' lang='lat' dir='ltr'>ceptis.</span> <span class='ocrx_word' id='word_1_281' title='bbox 1462 1225 1465 1229; x_wconf 29' lang='lat'><strong><em>¹</em></strong></span> 
     </span>
     <span class='ocr_line' id='line_1_63' title="bbox 1236 1235 2090 1300; baseline -0.002 -17"><span class='ocrx_word' id='word_1_282' title='bbox 1236 1249 1336 1283; x_wconf 80' lang='lat' dir='ltr'>tate</span> <span class='ocrx_word' id='word_1_283' title='bbox 1355 1235 1622 1283; x_wconf 70' lang='lat' dir='ltr'>diarrhetica</span> <span class='ocrx_word' id='word_1_284' title='bbox 1635 1274 1648 1292; x_wconf 88' lang='lat'>,</span> <span class='ocrx_word' id='word_1_285' title='bbox 1671 1248 1853 1285; x_wconf 84' lang='lat' dir='ltr'>meatus</span> <span class='ocrx_word' id='word_1_286' title='bbox 1868 1236 2090 1300; x_wconf 87' lang='lat' dir='ltr'>nephriti-</span> 
     </span>
     <span class='ocr_line' id='line_1_64' title="bbox 1236 1296 2090 1364; baseline -0.001 -15"><span class='ocrx_word' id='word_1_287' title='bbox 1236 1318 1317 1349; x_wconf 92' lang='lat' dir='ltr'>cos</span> <span class='ocrx_word' id='word_1_288' title='bbox 1335 1296 1526 1348; x_wconf 69' lang='lat' dir='ltr'>mirifice</span> <span class='ocrx_word' id='word_1_289' title='bbox 1548 1303 1689 1364; x_wconf 82' lang='lat' dir='ltr'>aperit</span> <span class='ocrx_word' id='word_1_290' title='bbox 1712 1339 1725 1356; x_wconf 88' lang='lat'><strong>‚</strong></span> <span class='ocrx_word' id='word_1_291' title='bbox 1769 1299 1943 1349; x_wconf 83' lang='lat' dir='ltr'>serenat</span> <span class='ocrx_word' id='word_1_292' title='bbox 1966 1316 2090 1348; x_wconf 89' lang='lat' dir='ltr'>cere-</span> 
     </span>
     <span class='ocr_line' id='line_1_65' title="bbox 1237 1366 2089 1430; baseline -0.001 -16"><span class='ocrx_word' id='word_1_293' title='bbox 1237 1370 1370 1430; x_wconf 83' lang='lat' dir='ltr'>brum</span> <span class='ocrx_word' id='word_1_294' title='bbox 1386 1404 1397 1422; x_wconf 91' lang='lat'>,</span> <span class='ocrx_word' id='word_1_295' title='bbox 1424 1378 1477 1413; x_wconf 81' lang='lat' dir='ltr'>ut</span> <span class='ocrx_word' id='word_1_296' title='bbox 1499 1366 1684 1414; x_wconf 85' lang='lat' dir='ltr'>Pallade</span> <span class='ocrx_word' id='word_1_297' title='bbox 1704 1368 1960 1430; x_wconf 80' lang='lat' dir='ltr'>plantatam</span> <span class='ocrx_word' id='word_1_298' title='bbox 1974 1367 2089 1413; x_wconf 84' lang='lat' dir='ltr'>hane</span> 
     </span>
     <span class='ocr_line' id='line_1_66' title="bbox 1239 1430 2087 1494; baseline -0.001 -15"><span class='ocrx_word' id='word_1_299' title='bbox 1239 1433 1410 1479; x_wconf 86' lang='lat' dir='ltr'>diceres</span> <span class='ocrx_word' id='word_1_300' title='bbox 1430 1432 1634 1494; x_wconf 88' lang='lat' dir='ltr'>plantam</span> <span class='ocrx_word' id='word_1_301' title='bbox 1653 1470 1667 1489; x_wconf 87' lang='lat'>,</span> <span class='ocrx_word' id='word_1_302' title='bbox 1712 1431 1827 1479; x_wconf 83' lang='lat' dir='ltr'>adeo</span> <span class='ocrx_word' id='word_1_303' title='bbox 1847 1430 2087 1480; x_wconf 79' lang='lat' dir='ltr'>Lit‘teratis</span> 
     </span>
     <span class='ocr_line' id='line_1_67' title="bbox 1240 1496 2090 1560; baseline -0.001 -14"><span class='ocrx_word' id='word_1_304' title='bbox 1240 1497 1295 1546; x_wconf 86' lang='lat' dir='ltr'>ad</span> <span class='ocrx_word' id='word_1_305' title='bbox 1310 1497 1641 1545; x_wconf 82' lang='lat' dir='ltr'>continuandas</span> <span class='ocrx_word' id='word_1_306' title='bbox 1655 1498 1840 1560; x_wconf 82' lang='lat' dir='ltr'>vigilias</span> <span class='ocrx_word' id='word_1_307' title='bbox 1848 1505 1947 1545; x_wconf 73' lang='lat' dir='ltr'>nort</span> <span class='ocrx_word' id='word_1_308' title='bbox 1959 1496 2090 1545; x_wconf 89' lang='lat' dir='ltr'>vide-</span> 
     </span>
     <span class='ocr_line' id='line_1_68' title="bbox 1241 1560 2090 1627; baseline 0 -16"><span class='ocrx_word' id='word_1_309' title='bbox 1241 1568 1316 1611; x_wconf 84' lang='lat' dir='ltr'>tur&#39;</span> <span class='ocrx_word' id='word_1_310' title='bbox 1336 1564 1564 1620; x_wconf 86' lang='lat' dir='ltr'>nobilius,</span> <span class='ocrx_word' id='word_1_311' title='bbox 1596 1562 1622 1611; x_wconf 71' lang='lat' dir='ltr'>a</span> <span class='ocrx_word' id='word_1_312' title='bbox 1635 1565 1812 1611; x_wconf 89' lang='lat' dir='ltr'>Natura</span> <span class='ocrx_word' id='word_1_313' title='bbox 1829 1560 2090 1627; x_wconf 73' lang='lat' dir='ltr'>concessum</span> 
     </span>
     <span class='ocr_line' id='line_1_69' title="bbox 1236 1629 2089 1693; baseline 0 -17"><span class='ocrx_word' id='word_1_314' title='bbox 1236 1630 1549 1693; x_wconf 86' lang='lat' dir='ltr'>pharmacum.</span> <span class='ocrx_word' id='word_1_315' title='bbox 1645 1629 1836 1677; x_wconf 86' lang='lat' dir='ltr'>Omitto</span> <span class='ocrx_word' id='word_1_316' title='bbox 1866 1630 1952 1677; x_wconf 87' lang='lat' dir='ltr'>alia</span> <span class='ocrx_word' id='word_1_317' title='bbox 1974 1633 1998 1683; x_wconf 85' lang='lat'>,&#39;</span> <span class='ocrx_word' id='word_1_318' title='bbox 2030 1643 2089 1676; x_wconf 90' lang='lat' dir='ltr'>ne</span> 
     </span>
     <span class='ocr_line' id='line_1_70' title="bbox 1237 1695 2089 1759; baseline 0 -17"><span class='ocrx_word' id='word_1_319' title='bbox 1237 1696 1491 1759; x_wconf 80' lang='lat' dir='ltr'>prolixiore</span> <span class='ocrx_word' id='word_1_320' title='bbox 1530 1695 1718 1741; x_wconf 87' lang='lat' dir='ltr'>cumulo</span> <span class='ocrx_word' id='word_1_321' title='bbox 1752 1711 1848 1741; x_wconf 85' lang='lat' dir='ltr'>non</span> <span class='ocrx_word' id='word_1_322' title='bbox 1881 1707 1976 1742; x_wconf 87' lang='lat' dir='ltr'>tam</span> <span class='ocrx_word' id='word_1_323' title='bbox 2012 1710 2089 1742; x_wconf 84' lang='lat' dir='ltr'>or-</span> 
     </span>
     <span class='ocr_line' id='line_1_71' title="bbox 1236 1757 2022 1822; baseline -0.003 -14"><span class='ocrx_word' id='word_1_324' title='bbox 1236 1776 1342 1809; x_wconf 84' lang='lat' dir='ltr'>nem</span> <span class='ocrx_word' id='word_1_325' title='bbox 1365 1797 1378 1816; x_wconf 90' lang='lat'>,</span> <span class='ocrx_word' id='word_1_326' title='bbox 1403 1759 1742 1822; x_wconf 70' lang='lat' dir='ltr'>quamonerem</span> <span class='ocrx_word' id='word_1_327' title='bbox 1762 1757 2022 1807; x_wconf 80' lang='lat' dir='ltr'>discursum.</span> 
     </span>
    </p>

    <p class='ocr_par' dir='ltr' id='par_1_10' title="bbox 1228 1823 2089 2742">
     <span class='ocr_line' id='line_1_72' title="bbox 1297 1823 2089 1889; baseline -0.001 -16"><span class='ocrx_word' id='word_1_328' title='bbox 1297 1828 1338 1873; x_wconf 95' lang='lat' dir='ltr'>L</span> <span class='ocrx_word' id='word_1_329' title='bbox 1351 1827 1442 1874; x_wconf 90' lang='lat' dir='ltr'>EU</span> <span class='ocrx_word' id='word_1_330' title='bbox 1456 1827 1513 1875; x_wconf 88' lang='lat' dir='ltr'>C.</span> <span class='ocrx_word' id='word_1_331' title='bbox 1567 1826 1715 1873; x_wconf 87' lang='lat' dir='ltr'>Oneri</span> <span class='ocrx_word' id='word_1_332' title='bbox 1736 1823 1826 1873; x_wconf 85' lang='lat' dir='ltr'>effe</span> <span class='ocrx_word' id='word_1_333' title='bbox 1839 1828 2000 1889; x_wconf 87' lang='lat' dir='ltr'>nequit</span> <span class='ocrx_word' id='word_1_334' title='bbox 2019 1824 2089 1872; x_wconf 77' lang='lat' dir='ltr'>d&#39;r-</span> 
     </span>
     <span class='ocr_line' id='line_1_73' title="bbox 1238 1887 2088 1953; baseline 0 -15"><span class='ocrx_word' id='word_1_335' title='bbox 1238 1888 1429 1948; x_wconf 85' lang='lat' dir='ltr'>scursus,</span> <span class='ocrx_word' id='word_1_336' title='bbox 1465 1890 1496 1938; x_wconf 84' lang='lat' dir='ltr'>si</span> <span class='ocrx_word' id='word_1_337' title='bbox 1516 1887 1687 1938; x_wconf 85' lang='lat' dir='ltr'>semina</span> <span class='ocrx_word' id='word_1_338' title='bbox 1704 1892 1911 1938; x_wconf 90' lang='lat' dir='ltr'>cumulet</span> <span class='ocrx_word' id='word_1_339' title='bbox 1929 1929 1941 1945; x_wconf 83' lang='lat'>‚</span> <span class='ocrx_word' id='word_1_340' title='bbox 1983 1891 2088 1953; x_wconf 64' lang='lat' dir='ltr'>apra</span> 
     </span>
     <span class='ocr_line' id='line_1_74' title="bbox 1239 1954 2084 2005; baseline -0.002 0"><span class='ocrx_word' id='word_1_341' title='bbox 1239 1954 1427 2005; x_wconf 88' lang='lat' dir='ltr'>serendo</span> <span class='ocrx_word' id='word_1_342' title='bbox 1455 1958 1570 2004; x_wconf 90' lang='lat' dir='ltr'>inter</span> <span class='ocrx_word' id='word_1_343' title='bbox 1604 1956 1819 2004; x_wconf 77' lang='lat' dir='ltr'>Eruditos</span> <span class='ocrx_word' id='word_1_344' title='bbox 1860 1954 2084 2004; x_wconf 85' lang='lat' dir='ltr'>discursui.</span> 
     </span>
     <span class='ocr_line' id='line_1_75' title="bbox 1237 2021 2085 2086; baseline -0.004 -15"><span class='ocrx_word' id='word_1_345' title='bbox 1237 2025 1355 2072; x_wconf 87' lang='lat' dir='ltr'>Sunt</span> <span class='ocrx_word' id='word_1_346' title='bbox 1367 2023 1520 2070; x_wconf 89' lang='lat' dir='ltr'>multa</span> <span class='ocrx_word' id='word_1_347' title='bbox 1541 2023 1706 2086; x_wconf 78' lang='lat' dir='ltr'>Mag-iae</span> <span class='ocrx_word' id='word_1_348' title='bbox 1717 2024 1941 2070; x_wconf 86' lang='lat' dir='ltr'>Botanicae</span> <span class='ocrx_word' id='word_1_349' title='bbox 1956 2021 2085 2079; x_wconf 79' lang='lat' dir='ltr'>mira,</span> 
     </span>
     <span class='ocr_line' id='line_1_76' title="bbox 1237 2084 2086 2152; baseline -0.001 -18"><span class='ocrx_word' id='word_1_350' title='bbox 1237 2102 1338 2152; x_wconf 80' lang='lat' dir='ltr'>quae</span> <span class='ocrx_word' id='word_1_351' title='bbox 1358 2103 1511 2136; x_wconf 87' lang='lat' dir='ltr'>errore</span> <span class='ocrx_word' id='word_1_352' title='bbox 1539 2089 1669 2152; x_wconf 83' lang='lat' dir='ltr'>vulgi</span> <span class='ocrx_word' id='word_1_353' title='bbox 1696 2089 1907 2150; x_wconf 80' lang='lat' dir='ltr'>abreptus</span> <span class='ocrx_word' id='word_1_354' title='bbox 1926 2124 1939 2144; x_wconf 91' lang='lat'>,</span> <span class='ocrx_word' id='word_1_355' title='bbox 1973 2084 2086 2134; x_wconf 83' lang='lat' dir='ltr'>aesti-</span> 
     </span>
     <span class='ocr_line' id='line_1_77' title="bbox 1236 2152 2086 2216; baseline -0.004 -14"><span class='ocrx_word' id='word_1_356' title='bbox 1236 2152 1409 2202; x_wconf 62' lang='lat' dir='ltr'>mfiram</span> <span class='ocrx_word' id='word_1_357' title='bbox 1423 2154 1661 2202; x_wconf 84' lang='lat' dir='ltr'>Miracula.</span> <span class='ocrx_word' id='word_1_358' title='bbox 1722 2155 1904 2216; x_wconf 87' lang='lat' dir='ltr'>Nempe</span> <span class='ocrx_word' id='word_1_359' title='bbox 1919 2166 1997 2199; x_wconf 91' lang='lat' dir='ltr'>me</span> <span class='ocrx_word' id='word_1_360' title='bbox 2018 2153 2086 2200; x_wconf 88' lang='lat' dir='ltr'>la-</span> 
     </span>
     <span class='ocr_line' id='line_1_78' title="bbox 1238 2214 2086 2283; baseline 0 -17"><span class='ocrx_word' id='word_1_361' title='bbox 1238 2214 1559 2281; x_wconf 69' lang='lat' dir='ltr'>tuitha&amp;enus</span> <span class='ocrx_word' id='word_1_362' title='bbox 1573 2256 1585 2276; x_wconf 91' lang='lat'>,</span> <span class='ocrx_word' id='word_1_363' title='bbox 1606 2216 1740 2283; x_wconf 71' lang='lat' dir='ltr'>quod</span> <span class='ocrx_word' id='word_1_364' title='bbox 1758 2229 1830 2266; x_wconf 91' lang='lat' dir='ltr'>tot</span> <span class='ocrx_word' id='word_1_365' title='bbox 1844 2219 2086 2266; x_wconf 78' lang='lat' dir='ltr'>inNatur&#39;ae</span> 
     </span>
     <span class='ocr_line' id='line_1_79' title="bbox 1234 2281 2082 2339; baseline -0.001 -6"><span class='ocrx_word' id='word_1_366' title='bbox 1234 2281 1453 2333; x_wconf 78' lang='lat' dir='ltr'>thesauris</span> <span class='ocrx_word' id='word_1_367' title='bbox 1481 2282 1865 2339; x_wconf 85' lang='lat' dir='ltr'>viresreconditae</span> <span class='ocrx_word' id='word_1_368' title='bbox 1889 2283 2082 2332; x_wconf 87' lang='lat' dir='ltr'>lateant.</span> 
     </span>
     <span class='ocr_line' id='line_1_80' title="bbox 1231 2346 2081 2412; baseline -0.001 -13"><span class='ocrx_word' id='word_1_369' title='bbox 1231 2356 1392 2400; x_wconf 86' lang='lat' dir='ltr'><em>MEL.</em></span> <span class='ocrx_word' id='word_1_370' title='bbox 1426 2351 1495 2398; x_wconf 87' lang='lat' dir='ltr'>Ita</span> <span class='ocrx_word' id='word_1_371' title='bbox 1504 2347 1570 2397; x_wconf 91' lang='lat' dir='ltr'>est</span> <span class='ocrx_word' id='word_1_372' title='bbox 1585 2364 1613 2398; x_wconf 75' lang='grc' dir='ltr'>ε,</span> <span class='ocrx_word' id='word_1_373' title='bbox 1633 2346 1814 2396; x_wconf 86' lang='lat' dir='ltr'>dudum</span> <span class='ocrx_word' id='word_1_374' title='bbox 1827 2346 2081 2412; x_wconf 74' lang='lat' dir='ltr'>proscripsit</span> 
     </span>
     <span class='ocr_line' id='line_1_81' title="bbox 1230 2414 2079 2478; baseline -0.002 -14"><span class='ocrx_word' id='word_1_375' title='bbox 1230 2417 1467 2478; x_wconf 89' lang='lat' dir='ltr'>Peripatus</span> <span class='ocrx_word' id='word_1_376' title='bbox 1480 2414 1799 2477; x_wconf 90' lang='lat' dir='ltr'>imperitorum</span> <span class='ocrx_word' id='word_1_377' title='bbox 1810 2415 1899 2462; x_wconf 91' lang='lat' dir='ltr'>hoc</span> <span class='ocrx_word' id='word_1_378' title='bbox 1910 2415 2079 2478; x_wconf 88' lang='lat' dir='ltr'>enthy-</span> 
     </span>
     <span class='ocr_line' id='line_1_82' title="bbox 1230 2476 2079 2545; baseline 0.002 -18"><span class='ocrx_word' id='word_1_379' title='bbox 1230 2495 1405 2528; x_wconf 85' lang='lat' dir='ltr'>mema:</span> <span class='ocrx_word' id='word_1_380' title='bbox 1428 2476 1556 2528; x_wconf 85' lang='lat' dir='ltr'>causa</span> <span class='ocrx_word' id='word_1_381' title='bbox 1572 2495 1658 2527; x_wconf 92' lang='lat' dir='ltr'>nos</span> <span class='ocrx_word' id='word_1_382' title='bbox 1670 2480 1805 2527; x_wconf 87' lang='lat' dir='ltr'>latet:</span> <span class='ocrx_word' id='word_1_383' title='bbox 1824 2477 1938 2545; x_wconf 74' lang='lat' dir='ltr'>ergo</span> <span class='ocrx_word' id='word_1_384' title='bbox 1948 2491 2079 2543; x_wconf 89' lang='lat' dir='ltr'>patet</span> 
     </span>
     <span class='ocr_line' id='line_1_83' title="bbox 1229 2541 2078 2609; baseline 0.001 -16"><span class='ocrx_word' id='word_1_385' title='bbox 1229 2546 1353 2594; x_wconf 87' lang='lat' dir='ltr'>fraus</span> <span class='ocrx_word' id='word_1_386' title='bbox 1375 2545 1561 2609; x_wconf 63' lang='lat' dir='ltr'>Stygia:</span> <span class='ocrx_word' id='word_1_387' title='bbox 1605 2560 1713 2592; x_wconf 91' lang='lat' dir='ltr'>nam</span> <span class='ocrx_word' id='word_1_388' title='bbox 1730 2543 1786 2594; x_wconf 72' lang='lat' dir='ltr'>ut</span> <span class='ocrx_word' id='word_1_389' title='bbox 1810 2544 1993 2594; x_wconf 78' lang='lat' dir='ltr'>Author</span> <span class='ocrx_word' id='word_1_390' title='bbox 2013 2541 2078 2594; x_wconf 87' lang='lat' dir='ltr'>est</span> 
     </span>
     <span class='ocr_line' id='line_1_84' title="bbox 1228 2611 2075 2673; baseline 0.001 -14"><span class='ocrx_word' id='word_1_391' title='bbox 1228 2612 1400 2673; x_wconf 85' lang='lat' dir='ltr'>Plinius</span> <span class='ocrx_word' id='word_1_392' title='bbox 1428 2648 1441 2667; x_wconf 89' lang='lat'>‚</span> <span class='ocrx_word' id='word_1_393' title='bbox 1483 2614 1613 2673; x_wconf 74' lang='lat' dir='ltr'>multa</span> <span class='ocrx_word' id='word_1_394' title='bbox 1638 2611 1739 2673; x_wconf 70' lang='lat' dir='ltr'>ficut</span> <span class='ocrx_word' id='word_1_395' title='bbox 1771 2614 2075 2660; x_wconf 58' lang='lat' dir='ltr'>Naturam</span> 
     </span>
     <span class='ocr_line' id='line_1_85' title="bbox 1230 2675 2074 2742; baseline -0.004 -17"><span class='ocrx_word' id='word_1_396' title='bbox 1230 2681 1368 2728; x_wconf 72' lang='lat' dir='ltr'>ucula</span> <span class='ocrx_word' id='word_1_397' title='bbox 1405 2681 1648 2742; x_wconf 71' lang='lat' dir='ltr'>incomperta</span> <span class='ocrx_word' id='word_1_398' title='bbox 1688 2681 1858 2727; x_wconf 75' lang='lat' dir='ltr'>rationis</span> <span class='ocrx_word' id='word_1_399' title='bbox 1885 2700 1922 2734; x_wconf 40' lang='lat'>‚⁷</span> <span class='ocrx_word' id='word_1_400' title='bbox 1958 2679 2011 2727; x_wconf 66' lang='grc' dir='ltr'>δέ’·</span> <span class='ocrx_word' id='word_1_401' title='bbox 2031 2675 2074 2723; x_wconf 65' lang='lat' dir='ltr'>ib</span> 
     </span>
    </p>

    <p class='ocr_par' dir='ltr' id='par_1_11' title="bbox 1900 2745 2075 2792">
     <span class='ocr_line' id='line_1_86' title="bbox 1900 2745 2075 2792; baseline 0 0"><span class='ocrx_word' id='word_1_402' title='bbox 1900 2745 2075 2792; x_wconf 71' lang='lat' dir='ltr'>Natura</span> 
     </span>
    </p>
   </div>
   <div class='ocr_carea' id='block_1_10' title="bbox 1464 1169 2095 1234">
    <p class='ocr_par' dir='ltr' id='par_1_12' title="bbox 1464 1169 2095 1234">
     <span class='ocr_line' id='line_1_87' title="bbox 1464 1169 2095 1234; baseline -0.003 -16"><span class='ocrx_word' id='word_1_403' title='bbox 1464 1171 1586 1218; x_wconf 87' lang='lat' dir='ltr'>Nam</span> <span class='ocrx_word' id='word_1_404' title='bbox 1597 1172 1734 1234; x_wconf 85' lang='lat' dir='ltr'>hujus</span> <span class='ocrx_word' id='word_1_405' title='bbox 1750 1183 1892 1234; x_wconf 88' lang='lat' dir='ltr'>potus</span> <span class='ocrx_word' id='word_1_406' title='bbox 1903 1208 1916 1228; x_wconf 87' lang='lat'>‚</span> <span class='ocrx_word' id='word_1_407' title='bbox 1945 1169 2095 1219; x_wconf 53' lang='lat' dir='ltr'>facul-1</span> 
     </span>
    </p>
   </div>
   <div class='ocr_carea' id='block_1_11' title="bbox 2252 333 2294 2933">
    <p class='ocr_par' dir='ltr' id='par_1_13' title="bbox 2252 333 2294 2933">
     <span class='ocr_line' id='line_1_88' title="bbox 2252 333 2294 2933; baseline 0 0"><span class='ocrx_word' id='word_1_408' title='bbox 2252 333 2294 2933; x_wconf 95' lang='lat' dir='ltr'> </span> 
     </span>
    </p>
   </div>
  </div>
 </body>
</html>
