2294 2933
272 84 362 134 188

266 193 498 257 myriades
520 189 606 242 sese
633 196 887 252 evolvent‚'
912 194 1024 241 dum
1049 194 1124 240 vel

266 260 428 307 unicus
449 260 650 316 rivulus,
697 277 754 307 ne
778 261 925 307 dicam
945 297 958 315 ‚
994 271 1125 321 totus

268 327 488 374 Oceano&
523 326 767 387 impleatur
792 323 802 371 Ε
853 327 903 373 &
933 335 1086 370 tamen
1112 361 1125 378 ‚

273 390 352 439 etsi
384 405 479 437 non
509 399 658 445 unus,
703 387 777 436 sed
801 401 1012 443 centum,
1049 387 1128 436 etsi

270 466 589 509 nomentum,
623 451 697 500 sed
719 454 870 508 mille,
907 450 1127 501 imbmil·

271 520 482 571 lion-efres
511 519 643 565 mille
658 518 916 580 repleantur
927 517 1129 574 Oceani,

275 605 329 636 an
350 586 651 632 aeternitatem
677 585 900 645 scquabis?
922 578 1126 631 minime:

274 651 470 700 necdum
501 664 548 695 es
570 645 753 696 mensus
778 650 960 695 initium
983 687 996 706 ‚
1031 662 1132 696 tan-

278 717 379 765 tum
396 711 544 769 abest,
580 726 633 759 ut
654 713 706 760 fis
736 726 885 761 totam
908 712 1131 763 emensus.

278 783 416 843 Finge
431 794 536 826 curn
562 777 730 826 Isidoro
745 779 911 827 Mundi
937 776 1113 842 aspecta
1126 809 1137 815 -

279 849 384 896 bilis
410 843 604 907 spatium
623 881 635 898 ‚
672 840 868 907 qualate
891 844 946 892 ad
970 847 1136 894 Coelos

281 910 424 974 usque
438 908 725 973 protenditur
738 948 752 966 ‚
787 909 841 957 lic
861 912 1138 957 arenulisre-

283 979 464 1042 pletum
480 1012 491 1030 ‚
529 985 580 1020 ut
595 972 752 1021 decem
765 975 947 1021 illarum
967 976 1112 1023 millia
1125 1011 1140 1030 ,

283 1058 379 1092 non
397 1038 474 1087 nisi
494 1055 688 1102 granum
710 1040 873 1103 sinapis
893 1043 1142 1088 minimum

287 1117 493 1171 aequent:
526 1103 613 1166 pro
626 1103 767 1167 quam
779 1107 1045 1153 innumerus
1058 1107 1145 1153 erit

288 1175 365 1223 hie
378 1185 601 1219 numerus
615 1167 625 1215 !
646 1172 696 1219 &
708 1184 863 1218 tamen
876 1208 892 1228 ‚
941 1182 1145 1235 quantus

289 1248 495 1303 quantus
509 1233 596 1292 est,
619 1238 885 1284 aeternitatis
899 1253 1045 1286 annos
1055 1251 1150 1284 non

291 1311 538 1357 numerat,
586 1316 644 1347 ne
665 1299 840 1359 dicam,
894 1314 1149 1350 enumerat.

292 1372 434 1431 Finge
447 1367 568 1414 hunc
579 1381 840 1423 numerum,
861 1383 1003 1430 quem
1015 1368 1154 1431 quin-

297 1434 520 1498 quaginta
533 1431 709 1478 duabus
723 1433 844 1479 cifris
866 1435 911 1480 in
930 1448 1069 1480 unam
1095 1433 1152 1479 li-

296 1513 435 1548 neam
462 1498 586 1560 cogit
622 1498 950 1546 Arithmeticus
1000 1497 1152 1548 Clavii

297 1562 498 1613 calculus
527 1598 543 1618 ,
587 1559 711 1625 finge
734 1601 754 1623 ,b
793 1565 1004 1626 inquam,
1034 1564 1157 1610 hunc

302 1639 629 1678 numerumtot
643 1626 937 1691 multiplicari
950 1631 1154 1684 inlineis‚

306 1706 424 1758 quot
444 1694 564 1755 capit
581 1693 749 1739 folium
775 1694 969 1756 grande,
1005 1697 1056 1743 &
1088 1695 1160 1740 in-

305 1774 488 1822 tegrum
503 1774 518 1816 3
556 1771 674 1820 quot
687 1759 804 1820 capit
826 1760 1050 1806 foliorum
1066 1774 1164 1805 ma-

307 1827 462 1872 ximus
478 1824 613 1878 liber,
647 1825 718 1870 vel
736 1825 1164 1871 librorumimmen-

310 1889 355 1939 sa
375 1890 522 1936 moles
534 1925 548 1943 ‚
571 1903 669 1951 quae
682 1888 892 1937 Univerfi
903 1886 1093 1952 spatium
1110 1887 1167 1935 ad

313 1952 459 2018 usque
479 1956 715 2017 regionem
729 1955 1007 2017 Empyream
1022 1954 1167 2002 adim-

315 2021 492 2085 pleret:
530 2020 652 2066 hunc
671 2035 917 2067 numerum
939 2017 1065 2084 finge
1096 2020 1170 2066 ul-

316 2084 484 2140 terius,
521 2097 595 2131 tot
627 2086 773 2131 iterari
794 2086 1002 2142 inlineis‚
1035 2096 1171 2148 quot,

319 2151 440 2212 capit
465 2162 591 2203 tota,
627 2147 718 2212 qua
738 2145 834 2197 late
854 2163 1006 2213 patet,
1044 2149 1171 2198 Coeli

322 2213 527 2278 sphaerica
550 2211 826 2276 superficies:
865 2218 1074 2264 DEUM
1087 2217 1173 2261 im-

322 2276 595 2328 mortalem!
628 2291 745 2342 quot
764 2280 855 2326 haec
866 2281 1018 2328 forent
1030 2281 1172 2342 myri-

325 2346 464 2394 adum
481 2341 630 2391 saecula
640 2381 655 2400 ‚
673 2358 788 2406 quot
801 2341 1175 2407 saeculorummy-

323 2410 498 2459 riades?
536 2412 585 2459 &
606 2421 785 2464 tamen,
817 2408 967 2472 elapso
999 2423 1071 2457 tot
1093 2427 1174 2457 an-

325 2490 494 2523 norum
527 2475 775 2529 curriculo,
808 2475 1003 2522 necdum
1025 2487 1176 2522 curret

327 2541 589 2586 aeternitatis
603 2540 785 2586 initium
799 2577 811 2593 ‚
847 2555 903 2586 ne
914 2539 1061 2586 dicam
1074 2555 1175 2586 me-

327 2606 479 2660 dium,
516 2619 572 2650 ne
586 2604 741 2650 dicam
763 2601 887 2651 finis:
937 2607 986 2653 &
1021 2617 1177 2652 tamen

327 2668 359 2719 fi
388 2681 461 2718 tot
494 2684 721 2716 annorum
760 2666 933 2717 inversa
978 2669 1178 2733 denique

956 70 1111 140 'Janus
1144 71 1329 135 Bifronsa

1178 191 1398 259 clepfi'dra,
1453 193 1794 244 tormentorum
1883 193 2025 245 finem

1178 261 1407 309 damnatis'
1420 261 1604 309 tandem
1621 265 1929 325 promitteret,
1963 279 2034 310 nae

1182 327 1249 374 illi
1279 342 1363 388 pro
1389 326 1536 373 nihilo
1570 340 1892 390 computarent
1934 340 2031 376 tam

1181 391 1402 455 grandem
1414 406 1602 454 poenam
1613 429 1627 448 ,
1651 393 1767 452 &jn
1781 391 1853 442 sua
1866 390 1952 441 sese
1963 396 2032 440 in-

1182 457 1405 506 felicitate
1430 457 1617 512 beatos‚
1676 473 1730 505 ac
1753 455 2035 507 felicissimos

1184 518 1493 584 praedicarent.
1527 522 1668 577 Sileo‚
1689 538 1746 569 ne
1757 524 1902 585 plura,
1923 523 2035 570 dum

1187 589 1373 650 loquor,
1409 587 1757 649 loquarminus:
1791 589 1838 635 O
1862 589 2037 635 aeterni-

1190 661 1285 700 ras:
1331 651 1553 714 quamdiu
1579 650 1811 700 durabis!
1832 653 1948 699 volo
1967 651 2038 698 di-
2066 678 2072 686 ι

1190 733 1288 765 cere
1310 755 1322 772 ,
1363 719 1416 766 &
1432 714 1583 764 nescio
1603 716 1773 764 dicere:
1817 716 2039 780 quamdiu

1191 785 1352 831 DEUS
1367 784 1449 829 erit
1463 784 1647 838 DEUS,
1692 781 1867 829 tamdiu
1898 782 2045 844 patie-

1194 861 1270 896 tur
1288 847 1552 894 damnatus:
1600 845 1676 895 sed
1718 846 1940 910 quamdiu
1959 847 2045 893 erit

1192 914 1284 961 hoc
1310 909 1555 974 quamdiu!
1591 914 1779 975 cogitari
1792 910 2046 976 potest,ex-

1194 979 1347 1042 plicari
1372 993 1464 1024 non
1496 977 1664 1039 potest.

1218 1056 1220 1058 ·
1261 1044 1444 1091 LEUC.
1482 1044 1771 1106 vertiginem
1793 1035 2045 1089 intelleehti
2065 1051 2109 1095 ς,
2128 1051 2228 1109 Aug

1197 1109 1372 1163 timeo,
1423 1106 1453 1156 fi
1484 1107 1671 1172 longius
1697 1105 1910 1169 despiciat
1934 1106 2049 1151 hanc

1205 1171 1426 1236 abyss'um.
1491 1174 1645 1237 Capio
1662 1171 1830 1221 melius
1855 1209 1869 1228 ,
1922 1166 2054 1232 quod

1205 1234 1384 1302 optime
1413 1254 1508 1286 non
1540 1254 1713 1297 nemo3
1770 1235 2053 1287 Christianos

1207 1307 1326 1351 inter
1337 1320 1455 1366 opus
1487 1321 1582 1352 non
1607 1303 1691 1352 effe
1714 1303 1792 1350 nifi
1817 1305 2060 1350 Morotro-

1206 1369 1318 1432 phio
1332 1407 1346 1425 ‚
1382 1370 1455 1416 vel
1475 1372 1517 1418 S.
1532 1369 1838 1434 Inquifitionis
1858 1362 2058 1428 ergastu-

1207 1437 1278 1483 Io:
1319 1435 1362 1480 in
1398 1431 1516 1482 istud
1548 1432 1937 1498 compingendos‚
1977 1428 2058 1492 qui

1209 1516 1304 1548 non
1332 1498 1564 1548 crederent
1584 1503 1908 1553 aeternitatem,
1943 1498 1988 1542 in
2003 1495 2060 1540 il-

1211 1565 1319 1620 lud,
1351 1568 1427 1628 qui
1451 1565 1708 1623 crederent,
1739 1566 2061 1631 &peccarentt

1211 1631 1339 1700 Qid
1353 1630 1408 1678 ad
1427 1630 1510 1679 ista
1525 1630 1818 1693 Phssosophi?
1865 1625 1979 1690 quid
1996 1625 2063 1671 illt

1218 1698 1278 1743 de
1308 1696 1561 1744 durationis
1598 1696 1744 1744 modo
1787 1695 1875 1741 hoc
1904 1729 1916 1747 ‚
1977 1688 2066 1737 sme

1218 1761 1398 1808 modo?
1431 1768 1547 1812 ME
1558 1767 1612 1810 L.
1658 1766 1710 1810 In-
1727 1760 1877 1808 varios
1903 1757 2070 1804 abeunt

1220 1838 1378 1873 motus
1402 1865 1418 1883 ‚
1472 1826 1697 1875 diversam
1718 1825 1913 1874 induunt
1938 1833 2068 1889 men-

1223 1905 1318 1939 tem
1333 1929 1344 1946 ‚
1382 1908 1465 1938 nec
1486 1894 1636 1941 inutili
1646 1891 1817 1941 scholio
1828 1889 1885 1936 de
1896 1899 2072 1934 aeterni-

1225 1954 1595 2005 tatediscurrunt.
1663 1957 1785 2007 Audi
1823 1968 1990 2007 unum,
2023 1951 2075 1997 &

1226 2023 1438 2070 alterum.
1502 2025 1636 2071 Aluit
1663 2020 1948 2084 Discipulum
1969 2018 2075 2064 Sor-

1225 2089 1374 2144 bona,
1419 2104 1560 2151 quem
1581 2090 1626 2135 in
1661 2083 1974 2146 Philosophica
1998 2095 2078 2142 pa-

1227 2151 1392 2208 laestra‚
1440 2156 1489 2201 ὅ(
1519 2154 1786 2206 informare,
1845 2151 1896 2197 &
1923 2147 2079 2192 defor-

1228 2228 1352 2264 m'are
1366 2217 1537 2265 studuit
1547 2215 1770 2266 Professor
1783 2231 1791 2261 :
1833 2210 1950 2261 adeo
1965 2208 2076 2272 saepe

1229 2280 1461 2330 Doe'mres
1502 2295 1690 2338 nocent,
1730 2279 1835 2329 cum
1877 2279 2082 2330 docent,

1230 2359 1336 2395 tunc
1361 2343 1609 2410 praecipue,
1648 2347 1677 2395 fi
1688 2357 1842 2393 amant
1862 2343 1917 2391 fic
1930 2343 2081 2404 Stagi-

1228 2414 1388 2468 ritam‚
1422 2426 1477 2460 ut
1493 2415 1632 2460 etiam
1654 2413 1888 2459 ethnicum
1908 2423 2002 2455 non
2030 2423 2079 2453 a·

1229 2474 1477 2524 versentur.
1561 2480 1782 2525 Xaverius
1808 2475 1979 2536 (caput
2023 2469 2081 2518 ad

1229 2544 1317 2589 hoc
1362 2545 1549 2595 Nom-en*
1587 2545 1770 2590 inclinet
1797 2541 2078 2602 Peripatus)

1229 2608 1452 2655 Xave'rius
1478 2606 1942 2668 illefuitDiscipulus‚
1970 2607 2083 2650 Pro-

1232 2669 1446 2721 sessorem
1470 2688 1566 2721 non
1601 2676 1822 2728 nomino,
1894 2673 1941 2718 in
1970 2669 2078 2714 albo·

1796 2774 1820 2799 3
1950 2744 2080 2780 aeter-
