2294 2933
285 99 380 159 384

284 227 412 260 mam
444 210 670 277 deneget?
721 205 842 260 certe
873 212 943 258 cui
988 213 1138 274 virgas

288 295 446 327 aureas
459 295 553 327 non
565 276 801 343 persuadet
816 290 940 326 tanta
953 278 1138 324 Antho-

284 347 424 403 ritas,
469 363 526 394 ne
554 348 635 394 ille
656 341 904 392 censoriam
935 354 1138 389 meretur

289 414 544 476 virgulam,
577 424 654 460 aut
683 412 809 457 illam
830 409 992 466 Midae,
1039 422 1138 471 quae

283 480 449 541 longas
478 479 676 526 denotat
701 476 991 539 appendices.
1067 476 1138 521 Ita

287 544 554 604 Dictatores
582 542 678 599 isti,
715 544 799 604 qui
821 544 965 591 veluti
984 539 1041 587 de
1056 542 1137 587 tri-

288 611 466 673 umpho
476 612 568 672 jam
584 607 723 657 securi
742 645 755 664 ,
784 609 1031 671 quadrigas
1057 622 1138 654 au-

282 693 383 726 reas
411 678 455 722 in
469 677 756 741 Capitolium
781 674 1003 739 dirigunt.

349 744 534 791 LEUC.
601 741 688 791 Sed
713 740 825 804 quid
846 742 901 788 ad
928 738 1007 787 ista
1019 739 1141 786 Peri-

285 810 449 873 patus?
484 825 539 856 an
563 819 800 871 argenteas
827 805 998 871 segetes
1019 843 1031 861 ,
1057 820 1138 853 au-

291 870 486 939 reasque
542 873 697 923 aristas
740 869 765 919 ὲ
814 870 1138 934 Philosophico

286 941 463 997 fundo,
503 938 577 989 sua
597 938 783 1004 sponte,
807 935 1058 986 excrescere
1072 934 1137 984 as-

285 1004 536 1056 severabit?
567 1011 732 1057 AJIEL.
754 1009 898 1053 Nimis
915 1006 1136 1061 credulam,

282 1071 336 1123 ut
366 1075 429 1121 ait
449 1076 643 1130 Seneca,
676 1075 1003 1136 Philosophorum
1039 1075 1138 1117 Na-

287 1143 435 1194 tiofiem
467 1138 720 1194 existimat,
775 1139 857 1200 qui
888 1138 970 1183 aevi
1005 1131 1066 1182 sui
1088 1137 1140 1186 &

285 1203 421 1253 seculi
438 1203 614 1253 securus
643 1205 862 1260 nimium,
907 1204 1016 1250 talia
1034 1217 1139 1250 eru-

285 1271 395 1319 ditis
415 1310 427 1330 ‚
453 1284 675 1336 tanquam
713 1271 835 1318 horti
858 1266 921 1317 sui
948 1268 1143 1332 deponi-

281 1340 369 1386 bus
385 1377 398 1395 ,
436 1340 570 1401 loqui
592 1353 686 1385 non
709 1344 908 1383 veretur,
1027 1334 1143 1382 Ani—

284 1406 398 1452 mari
434 1405 649 1460 metalla,
700 1405 751 1452 &
779 1402 967 1456 vivere,
1000 1415 1141 1447 nemo

282 1470 362 1520 fibi
380 1467 667 1535 persuaserit,
692 1468 771 1517 nifi
786 1469 888 1531 qui,
925 1470 1139 1532 FatoPy-

288 1538 490 1600 thagorae
532 1537 714 1592 Stoico,
779 1535 937 1582 omnia
966 1530 1141 1580 somnia

287 1600 543 1652 crediteffe
571 1602 789 1650 Oracula.
815 1602 926 1648 Non
947 1594 971 1646 ὲ
990 1599 1141 1648 Terrae

289 1669 439 1720 fundo
458 1707 470 1726 ‚
501 1667 605 1718 sede
619 1665 1005 1729 Philosophorum
1021 1681 1140 1728 quo-

285 1736 480 1784 rundam
515 1735 700 1782 cerebro
760 1729 1034 1780 succrescunt
1075 1731 1141 1778 hae

285 1817 428 1852 aureae
449 1800 647 1850 ·Mundo
673 1796 868 1863 segetes,
916 1814 1030 1862 quas
1049 1796 1140 1845 sm'e

284 1867 489 1923 Invidia,
514 1869 577 1914 illi
600 1865 913 1929 ipsiAuthores
935 1865 1137 1919 metant,

287 1952 337 1985 ac
369 1937 416 1984 in
459 1935 623 1982 horrea
657 1934 893 1996 colligant.
974 1936 1139 1993 »Argu-

287 2014 461 2057 menta,
476 2015 575 2063 quae
590 2010 835 2063 oggerum,
855 1998 960 2060 plus
972 1997 1142 2044 habent

290 2066 562 2131 splendoris,
582 2069 734 2114 minus
748 2063 1003 2112 soliditatis:
1019 2059 1140 2109 adeo

284 2150 380 2183 non
404 2147 559 2188 omne,
616 2129 747 2179 uods
772 2130 942 2187 lendet‚
975 2142 1139 2177 aurum

287 2197 376 2256 est,
399 2199 619 2262 praecipue
635 2235 646 2254 ‚
677 2197 707 2245 si
729 2148 1138 2252 AElidimoe'Veri-

292 2268 400 2317 tatis
431 2261 717 2312 destituatur.
813 2265 924 2313 Auri
951 2258 1139 2310 Genesis

290 2333 564 2395 neutiquam
579 2332 752 2377 viventi
765 2332 976 2392 analoga,
989 2325 1061 2375 sed
1075 2326 1142 2374 illi

291 2396 452 2464 potius
470 2436 483 2454 ,
522 2398 741 2460 quaignis
762 2407 949 2459 generat
969 2396 1143 2458 ignem:

295 2465 510 2520 nutritur,
533 2460 763 2519 &crescit,
787 2455 976 2519 minime
991 2473 1146 2507 tamen

296 2546 353 2579 an
369 2531 569 2577 interiori
582 2530 804 2591 principio
817 2566 830 2585 ,
865 2521 938 2573 vel
954 2527 1145 2572 alimen-

298 2609 349 2645 to
362 2596 484 2643 intus
507 2591 730 2657 suscepto,
754 2592 825 2642 sed
839 2590 928 2641 sola
948 2591 1147 2638 additio-

298 2679 356 2711 ne
367 2662 589 2708 materiae:
631 2677 769 2708 venas
795 2661 924 2707 alunt
943 2657 1147 2714 metalla,

302 2726 375 2780 sed
394 2741 489 2777 non
520 2723 811 2791 nisi'spurias,
847 2723 1151 2789 &metapho-

955 91 1128 155 &edipas
1172 92 1369 153 Plystcus.

1193 212 1328 260 ficas:
1361 211 1540 275 porosfi
1559 210 1728 262 habent
1747 212 1772 273 <
1781 229 1901 278 quos
1926 218 2037 263 auro

1191 278 1390 340 denegat
1417 279 1620 342 Scaliger
1643 284 1667 343 )
1708 281 1936 328 foramina
1958 286 2041 329 ve-

1193 342 1287 392 rius
1301 345 1494 400 diceres,
1517 359 1619 407 quae
1629 361 1686 391 ex
1697 343 1882 394 deseaefi'tu
1905 364 2043 412 agen-

1199 411 1255 456 tis
1294 407 1431 456 causae
1461 412 1797 473 relinquuntur
1829 429 1908 476 per
1932 414 2045 461 acci-

1193 475 1345 533 dens.v
1419 478 1709 525 Coacervata
1738 479 2009 527 Authoritas
2032 520 2044 540 ‚

1191 540 1223 588 si
1248 558 1353 588 vera
1380 543 1520 590 refert
1537 541 1622 601 <id
1660 542 1791 605 quod
1813 544 1909 592 fors
1920 547 2048 595 ‘novzi

1192 607 1420 669 indigeret
1472 606 1814 673 Authoritate)
1882 612 2047 672 probat

1197 671 1415 730 crescere,
1452 671 1551 722 imo
1575 676 1729 736 augeri
1763 671 1922 737 potius
1948 691 2047 725 me-

1197 740 1324 796 talla,
1349 736 1421 787 scd
1437 740 1725 787 incrementis
1740 735 1865 788 mei-e
1875 745 2048 790 extrin-

1195 802 1301 852 secis
1325 822 1403 868 per
1414 804 1644 869 appositos
1662 821 1880 869 vapores,
1905 810 2048 857 &ex-

1193 872 1453 920 halationes
1481 872 1684 919 idonea-s.
1771 872 1859 920 Sed
1886 889 1966 920 nec
1992 869 2048 920 fi-

1190 953 1304 1001 gura
1336 938 1597 984 culmorum
1627 941 1837 985 animam
1853 940 2045 1001 probat,

1193 1002 1273 1051 nisl
1298 1004 1497 1051 animare
1508 1004 1622 1051 velis
1645 1004 1928 1067 totlapides,
1950 1005 2048 1052 for-

1192 1070 1281 1117 mis
1296 1064 1581 1132 variislonge
1592 1067 1740 1134 magis
1760 1068 2046 1133 praestantesr

1194 1133 1318 1183 suam
1337 1133 1639 1198 igitur-figura
1653 1130 1790 1184 trahit
1803 1132 2046 1200 originem,

1192 1200 1326 1266 quod
1361 1202 1562 1258 halitus,
1604 1197 1819 1265 equibus
1857 1202 2048 1250 metalla

1194 1265 1512 1322 concrescunt,
1546 1269 1801 1326 meatibus,
1834 1283 1914 1331 per
1927 1278 2048 1332 quos

1198 1331 1446 1389 transeunt,
1462 1329 1547 1380 sese
1561 1334 1929 1381 accommodent.
1966 1335 2047 1391 Ea,

1196 1415 1297 1461 quae
1317 1397 1513 1447 afferunt
1536 1414 1593 1451 ex
1613 1400 1853 1463 Stagirita,
1886 1405 2049 1462 parum

1194 1462 1382 1513 firmant
1395 1463 1543 1512 thesin·
1555 1465 1826 1513 invalidam:
1863 1481 1971 1512 nam
1991 1465 2050 1512 li-

1193 1532 1274 1578 ber
1316 1532 1395 1578 ille
1419 1546 1514 1577 non
1547 1529 1807 1593 agnoscitur
1827 1531 2049 1594 Stagirit‘ae

1196 1597 1488 1652 Canonieus,
1521 1593 1595 1643 sed
1628 1595 1928 1660 posthumus,
1967 1598 2049 1660 qui

1197 1660 1520 1723 Theophrasto
1535 1666 1661 1711 Patre
1674 1663 1827 1712 lucem
1848 1660 2046 1726 aspexit:

1197 1731 1247 1779 &
1259 1728 1333 1776 etfi
1354 1729 1581 1792 genuinus
1593 1729 1714 1793 foret
1725 1732 1775 1780 &
1784 1726 2048 1791 Philosophi

1192 1807 1377 1859 partus,
1412 1795 1524 1842 nihil
1549 1793 1967 1852 illedecideret,sed
1979 1810 2051 1842 re-

1194 1863 1291 1909 lata
1310 1861 1499 1908 referet:
1533 1877 1640 1908 nam
1659 1866 1806 1910 utitur
1820 1860 1965 1925 phrasi
1978 1862 2049 1908 hi-

1195 1926 1357 1975 storica
1379 1928 1560 1988 afferunt
1571 1941 1588 1986 3
1608 1931 1764 1975 ὤιμην.
1829 1931 1925 1978 Pari
1942 1942 2047 1976 um·

1198 1995 1321 2041 bone
1356 1991 1572 2041 retundes
1608 1995 1787 2057 reliqua
1818 1991 2046 2058 ‚spicula3

1197 2074 1305 2107 nam
1319 2059 1515 2121 probant
1528 2071 1656 2106 extra
1678 2061 1900 2109 mineram
1916 2057 2047 2107 aucta

1195 2125 1414 2181 Metalla,
1439 2139 1534 2171 non
1551 2126 1767 2174 animata.
1831 2125 1951 2180 Illud
1965 2125 2049 2171 ob-

1187 2188 1341 2239 servat
1362 2191 1581 2255 Scaliger,
1605 2193 1649 2238 in
1669 2193 1822 2247 cranio
1840 2230 1852 2249 ,
1886 2191 1961 2238 vel
1977 2206 2050 2238 ca·-

1195 2258 1293 2322 pite
1336 2257 1538 2304 hominis
1577 2275 1723 2305 aurum
1755 2262 1831 2309 vel
1864 2272 2006 2305 narum
2028 2288 2047 2316 ,

1197 2327 1272 2372 vel
1291 2337 1533 2387 generatum
1563 2326 1749 2380 credere,
1778 2327 1946 2387 puerilis
1975 2324 2050 2386 effe

1201 2392 1421 2437 dementiae.
1481 2391 1732 2450 iEquidem,
1773 2390 1862 2446 ait,
1887 2392 1950 2451 fic
1979 2393 2050 2437 de-

1194 2456 1345 2518 foffum
1369 2469 1498 2519 puto,
1527 2468 1583 2500 ut*
1603 2455 1816 2518 impostura
1847 2459 1924 2504 haec
1942 2458 2051 2505 Mi·

1203 2525 1336 2569 raculo
1387 2522 1505 2582 foret
1585 2524 1836 2569 naturalium
1916 2537 2053 2571 rerum

1202 2590 1387 2648 ignaris:
1436 2580 1557 2646 fort?
1618 2586 1850 2649 ambitiosses
1907 2583 2050 2637 nebulo

1203 2655 1245 2699 id
1276 2665 1448 2701 caverat
1482 2650 1733 2712 testamento.
1830 2652 1951 2701 Illud
1973 2652 2050 2702 hic

1205 2716 1263 2768 ad
1297 2717 1469 2770 calcem
1515 2713 1733 2766 observo:
1784 2723 1957 2769 Aureas
1981 2716 2050 2768 se-

1920 2797 2058 2852 getes
