2294 2933
272 107 371 168 ⁸⁵4

610 221 794 268 Mure

341 286 557 350 funestum
584 287 654 332 hoc
673 284 1060 345 anagrarmnaticon.

497 348 577 400 Hic
588 353 699 411 jacet
717 351 902 396 Procus.

266 421 401 479 cnjus
431 430 598 480 corpus
631 408 717 461 uim
752 414 888 474 suerit
926 423 1091 474 porcus
1110 446 1124 468 ‚

305 488 406 545 Ejus
429 483 688 546 Sepulchrum
708 482 797 537 jam
835 480 916 524 erit
940 491 1090 525 orcus.

640 545 746 599 Abi,

323 619 378 663 Et
409 617 494 675 lege
524 610 691 667 affixam
721 610 811 654 huic
830 621 952 672 portae
984 610 1065 670 epi-

602 676 800 738 graphen.

434 746 525 789 Haec
544 753 665 802 porta
695 740 966 794 aeternitatis,

314 813 415 875 Qu
435 803 578 871 aperta⁴
610 807 678 867 qui
703 806 858 865 ingredi
876 806 1021 850 nolunt
1039 804 1094 849 ad

608 884 777 925 vatam,

337 935 494 992 Eiidem
523 933 660 985 clausi
693 935 848 995 ingredi
879 946 1070 994 cogentur

563 1004 639 1049 Ad
662 1014 846 1047 mortem.

281 1068 285 1071 ’
336 1067 526 1115 LEUC.
562 1061 731 1115 Casum
766 1059 1029 1112 funestum!
1057 1061 1128 1108 la-

272 1133 574 1183 mentabilem
632 1129 891 1178 vocationis
943 1124 1129 1176 desertae

273 1199 469 1249 sortem!
509 1196 703 1258 Negotii
740 1195 883 1256 hujus
911 1207 1127 1239 momen-

275 1278 378 1316 tum
390 1262 532 1328 quam
551 1261 684 1326 pauci
694 1269 936 1324 penetrant
949 1295 962 1316 ‚
982 1256 1126 1321 quam

273 1332 411 1380 multi
428 1339 664 1393 penetrare
687 1322 924 1372 recusant?
961 1329 1124 1372 MEL.

272 1400 342 1449 Ita
367 1394 452 1444 est:
487 1395 577 1442 haec
600 1391 770 1440 inimici
810 1387 877 1438 est
902 1387 1087 1451 stropha
1110 1425 1123 1444 ‚

273 1478 326 1513 ut
369 1462 550 1508 nullum
587 1458 831 1518 negotium
868 1456 1124 1519 majoribus

273 1527 509 1593 perturbet
536 1523 685 1577 dolis,
719 1519 860 1584 quam
873 1519 1002 1583 quod
1022 1535 1122 1569 ma-

273 1597 454 1642 ximum
470 1628 482 1647 ,
515 1603 685 1650 nempe
707 1598 950 1649 negotium
973 1601 1121 1648 nego-

278 1662 469 1707 tiorum.
567 1657 706 1703 Nunc
750 1662 957 1699 mentem
991 1666 1132 1698 occu-

274 1738 353 1788 pat
372 1740 453 1786 per
464 1718 708 1782 crepundia
722 1754 736 1775 ,
767 1729 821 1764 ut
842 1715 1000 1763 otiofis
1011 1713 1133 1764 hisce.

274 1790 475 1852 negotiis
494 1785 746 1838 flammas,
771 1784 825 1833 &
838 1777 997 1830 effluat
1010 1794 1132 1830 tem-

272 1871 360 1918 pus
397 1847 749 1900 deliberandide
767 1859 980 1909 tempore
995 1863 1014 1907 3
1042 1847 1130 1895 ho·

274 1936 378 1968 rum
410 1914 592 1966 tessera:
628 1918 754 1962 nolite
784 1913 937 1973 soliciti
976 1913 1049 1974 effe
1084 1916 1129 1959 in

273 1986 504 2048 crastinum.
579 1982 721 2028 Nunc
753 1978 886 2027 mille
916 1976 1128 2030 obstacu-

270 2053 330 2100 lis
354 2047 566 2112 impedit,
590 2060 649 2092 ne
664 2041 935 2101 affumatur3
970 2044 1047 2090 vel
1063 2038 1134 2091 sa-

272 2117 460 2178 tagit‚ut
473 2109 730 2166 differatur,
752 2119 831 2157 aut
849 2104 1129 2171 affumptum

271 2178 433 2229 denuo
448 2179 807 2236 interrumpatur
822 2189 832 2220 z
871 2172 1130 2226 identidem

273 2246 418 2303 menti
448 2243 636 2306 ingerit,
668 2244 769 2302 quid
789 2256 887 2302 optes
913 2243 1131 2289 eleffione?

270 2313 448 2376 pluribus
517 2310 604 2355 viis
687 2309 862 2353 venitur
939 2311 1129 2353 Romam.

273 2379 412 2425 Nunc
449 2372 695 2436 negotium
759 2370 914 2417 t'urbat
961 2366 1128 2417 assum-

272 2454 436 2504 ptum,
463 2450 518 2485 ut
530 2447 775 2501 peragatur
790 2450 875 2497 pro
897 2434 1063 2492 forma,
1079 2436 1129 2484 &

274 2506 365 2556 fine
391 2505 442 2553 fo
455 2519 578 2562 rma3
616 2501 757 2548 multi
788 2501 1031 2561 incipiunt,
1076 2502 1127 2549 &

273 2572 405 2642 pauci
418 2566 614 2628 finiunt,
660 2567 709 2615 hi
729 2565 918 2614 horrent
945 2566 1128 2615 Divinae

963 100 1155 146 Ariadne
1179 93 1356 155 Phyfica.

1176 212 1443 263 Voluntatis
1461 213 1709 261 revelatam
1724 209 2028 267 mentiamini

1174 274 1423 393 celxpess‘tant
1467 294 1547 341 per
1593 281 1782 341 angelos
1818 279 2030 326 revelan-

1212 358 1301 392 am.

1178 425 1285 474 gere
1297 409 1480 457 nititur:
1491 424 1572 472 per
1583 412 1752 459 amicos
1765 408 1918 458 suadet
1934 446 1948 465 ‚
1974 420 2028 456 ut

1179 474 1348 537 exequi
1366 471 1602 534 differant3
1636 490 1714 537 per
1725 479 1952 530 Parentes,
1976 486 2030 522 ut

1175 541 1446 604 negligant:
1481 555 1560 601 per
1583 541 1733 588 malos
1748 541 1940 596 Socios,
1976 552 2030 587 ut

1184 604 1282 654 sese
1294 604 1488 652 reddant
1501 604 1731 669 indignos.
1789 604 1894 652 Imo
1906 603 2030 667 post-

1177 685 1327 736 quam
1344 672 1440 733 jam
1461 669 1518 718 ad
1537 684 1734 718 aratrum
1754 669 1920 717 misere
1932 685 2033 718 ma—

1181 740 1318 793 num‘,
1339 736 1542 793 laborat,
1578 748 1630 783 ut
1643 733 1877 798 respiciant
1887 732 2037 782 retro.

1181 804 1249 850 En
1270 813 1389 865 quot
1419 803 1626 864 nogotiis
1643 839 1657 858 ,
1692 801 1781 849 hoc
1793 815 1941 848 unum
1952 814 2034 847 ne·-

1182 868 1369 931 gotium
1396 869 1594 914 Daemon
1618 865 1800 914 turbare
1833 864 2033 928 satagat,

1181 944 1236 981 ut
1266 933 1342 979 vel
1385 933 1441 979 ab
1477 930 1609 979 hoste
1644 933 1834 996 colligas
1865 930 2040 995 grande

1180 994 1499 1046 momentum!
1550 996 1639 1046 Sed
1677 998 1769 1045 hoc
1799 999 1950 1046 fatum
1971 994 2038 1043 est

1179 1064 1469 1126 juventutis,
1488 1063 1652 1111 nullibi
1665 1064 2037 1126 errarefrequen-

1181 1126 1303 1185 tius,
1341 1126 1484 1191 quam
1503 1128 1931 1184 inviavocationis,
1958 1127 2038 1174 ubi

1177 1209 1317 1242 nemo
1333 1206 1453 1241 errat
1472 1231 1485 1251 ‚
1525 1192 1605 1241 nisi
1635 1205 1741 1242 toto
1768 1195 1897 1242 coelo
1910 1194 2042 1240 aber-

1178 1273 1269 1308 rat.v
1342 1260 1536 1308 Utinam
1545 1274 1653 1306 narn
1666 1260 1806 1308 toties
1821 1256 2043 1306 testatum

1179 1326 1269 1373 hoc
1297 1325 1431 1373 nobis
1461 1326 1666 1374 facerent
1687 1321 1923 1372 tristissimi
1941 1330 2039 1372 An-

1179 1387 1333 1439 nales!
1369 1384 1578 1453 equibus
1605 1391 1797 1438 unicum
1822 1392 1871 1436 in
1893 1390 2042 1438 Tole-

1180 1467 1292 1505 tano
1311 1452 1600 1518 Philosopho-
1622 1455 1895 1519 exemplum
1914 1469 2043 1517 cape..

1176 1522 1325 1578 Huic,
1362 1516 1583 1584 negleEtae
1613 1521 1874 1569 vocationis
1915 1535 1996 1567 reo
2023 1554 2042 1575 ,

1187 1583 1296 1635 cum
1329 1587 1379 1634 in
1412 1601 1563 1649 agone
1595 1587 1846 1649 naufrago,
1877 1583 2044 1634 frustra

1185 1649 1512 1700 obtruderemr
1540 1653 1827 1715 poenitentiae
1858 1651 2040 1708 tabula,

1185 1717 1496 1766 clamantibus
1526 1717 1578 1764 in
1609 1718 1803 1766 Coelum
1840 1717 2039 1766 Amicis:

1184 1787 1317 1831 fiant
1353 1799 1479 1829 aures
1509 1797 1583 1829 tuae
1618 1786 1908 1830 intendentes!
1972 1779 2044 1829 su-

1183 1845 1288 1896 bito
1337 1842 1565 1896 Crucifixi
1601 1845 1776 1911 effigies
1790 1885 1809 1905 „
1832 1844 2043 1896 resqut'ts

1183 1912 1246 1961 de
1262 1927 1395 1961 cruce
1413 1913 1609 1964 brachiis
1622 1914 1837 1961 obturare
1873 1910 1965 1960 visa
1975 1910 2040 1961 est

1185 1993 1320 2026 aures
1336 2014 1350 2034 ‚
1373 1976 1586 2041 hancque
1611 1980 1823 2026 emittere
1849 1979 2041 2026 horren·

1184 2043 1296 2092 dam
1318 2058 1516 2092 vocem:
1536 2048 1729 2102 Varavi,
1767 2049 1812 2095 89⁹
1839 2045 2034 2106 renuisti:

1186 2125 1256 2171 ega
1283 2126 1439 2171 quoque
1469 2114 1511 2157 in
1548 2113 1722 2157 interitu
1767 2125 1835 2157 tuo
1871 2112 2030 2166 ridebo,

1189 2178 1236 2225 eff
1247 2174 1513 2235 fithsannabo.
1613 2176 1707 2222 Sub
1735 2175 1901 2237 quibus
1924 2190 2028 2221 ver-

1187 2240 1255 2286 bis
1269 2239 1502 2288 infelicem
1519 2240 1704 2301 Sophus
1731 2235 1905 2286 efflavit
1929 2240 2027 2286 ani-

1185 2317 1331 2353 mam.
1383 2303 1502 2353 Satis
1515 2302 1578 2351 est
1598 2305 1865 2353 Leucothea
1891 2321 1902 2349 :
1938 2305 2026 2351 do·

1184 2384 1317 2422 mum
1342 2371 1439 2427 abi,
1460 2370 1655 2432 &hujus
1682 2366 2025 2434 sententiaelege

1183 2435 1469 2499 paraphrasin
1487 2472 1501 2492 ‚
1551 2449 1695 2497 quam
1715 2433 1770 2481 ad
1795 2433 2034 2483 demortui

1184 2501 1395 2551 tumbam
1461 2497 1611 2552 affixit
1678 2501 1743 2550 D.
1783 2503 2035 2550 Bonaven*

1183 2578 1302 2616 tura.

1793 2712 2031 2806 SAR-

1381 345 1517 390 Nunc
1538 343 1841 392 constantiam
1868 343 2030 392 infrin-
2105 364 2116 366 ἡ
