2294 2933
263 80 359 139 416
825 82 1201 146 Technopbylacium
1245 82 1463 142 Pbyfimu.

265 199 588 271 thavmaturgi
611 206 758 272 pollet
780 206 971 252 virtute.
1017 205 1110 252 Or-

264 268 513 329 pheusest,
544 272 850 336 quihumanis
869 265 1110 318 affeffibus

262 331 319 380 lic
340 334 631 396 dominat-ur,
667 350 822 385 utnon
835 332 962 399 aeque
978 333 1112 384 facile

259 399 578 452 inclinationes
608 404 850 451 hominem
887 403 1111 466 prodant,

259 480 312 512 ac
322 464 427 513 cum
450 466 582 515 sonus
601 507 614 524 ‚
634 484 714 530 per
733 482 862 516 aures
877 469 1108 533 ingressus,

263 542 419 578 totum
442 534 682 580 hominem
698 571 710 589 ,
749 533 805 579 ad
831 533 1001 584 tae-‘cam
1028 553 1108 598 cy-

259 597 458 644 tharam·
472 612 712 646 convocat.
818 603 951 650 Tunc
979 605 1107 652 enim

257 659 443 711 amastis
456 678 569 711 mox
597 667 778 712 auribus
795 664 1024 717 ‘immotus
1040 665 1105 715 as·-

255 727 414 776 fidebit
444 731 808 778 Melancholicus
831 771 843 790 ‚
878 735 1027 784 modo
1047 735 1101 784 ad

253 794 583 854 devotionem,
646 792 797 844 mod‘o
840 802 895 850 ad
946 817 1102 850 rerum

251 862 464 909 omnitim
483 875 828 927 contemptum,
865 867 921 914 ad
963 867 1101 917 tristi-

253 927 365 974 tiam
377 926 577 992 denique
599 928 1000 992 profundissimam
1019 933 1098 981 de-

250 993 446 1040 labetur.
527 995 865 1058 Phlegmaticus
896 995 1098 1046 subride-

249 1059 318 1105 bit
336 1056 520 1120 primb,
574 1076 690 1108 mox
706 1077 805 1115 ¹uno
838 1076 918 1112 aut
949 1066 1095 1113 altero

247 1122 548 1187 generosioris
569 1123 739 1175 maffici
761 1130 932 1191 cyatho
958 1130 1095 1180 faciet

187 1202 191 1206 ·
246 1191 506 1247 intervalla,
530 1189 731 1257 denique
744 1195 883 1242 etiam
896 1197 940 1242 in
953 1197 1093 1259 placi-

245 1256 359 1303 dum
375 1253 416 1303 se
427 1257 641 1306 claudent
661 1260 839 1307 lumina
862 1259 1091 1312 somnum.

244 1323 517 1384 Sanguineis
536 1324 693 1372 contra
712 1328 915 1388 prurient
943 1329 987 1374 in
1013 1325 1095 1376 sal-

245 1401 346 1436 tum
377 1388 541 1450 pedes,
577 1392 778 1438 accinent
807 1392 883 1453 ipsi
902 1431 914 1448 ‚
957 1395 1006 1442 δε
1036 1394 1093 1441 ad

241 1457 752 1504 communemlaetitiam
767 1458 933 1506 obvios
949 1475 1093 1520 quos÷

241 1521 355 1568 libet
404 1522 743 1583 convocabunt.
860 1525 1092 1573 Cholerici

239 1585 469 1649 denique,
506 1589 556 1636 &
579 1586 657 1648 ipsi
690 1587 749 1635 de
767 1587 992 1652 gravitate
1013 1588 1091 1639 sua

239 1650 490 1716 paululum
536 1654 778 1700 remittent
801 1692 813 1710 ,
881 1653 1088 1705 censores

236 1729 402 1780 agent,
440 1733 489 1765 ac
502 1716 790 1780 postliminio
804 1720 1087 1783 repedabunt

235 1784 295 1831 ad
317 1781 405 1830 sua.
475 1787 597 1831 Bene
631 1784 851 1833 Musicani
878 1788 966 1833 hoc
1006 1787 1088 1835 de-

240 1849 417 1896 coravit
431 1850 587 1912 elogio
601 1853 744 1898 Vates
759 1852 839 1898 ille
852 1889 865 1909 ,
891 1852 1004 1901 dum
1015 1869 1088 1902 ce-

240 1927 350 1962 Clmt
366 1930 375 1960 ἶ

234 1983 412 2042 Mtstca
442 1982 629 2028 turbatas
653 1985 832 2040 animas,
869 1998 1090 2046 aegrumque

588 2050 763 2094 dolorem

238 2116 332 2162 Sola
368 2115 525 2170 levat,
561 2110 706 2160 meritc)
750 2113 915 2162 Divdm
945 2118 1088 2162 Homi-

431 2178 619 2239 nu'mque-
649 2183 843 2242 voluptas
861 2211 879 2236 ,

235 2244 436 2309 Qastn'e
471 2247 529 2290 nil
568 2247 791 2304 jucundum
812 2247 957 2291 animis
964 2263 1086 2301 ,rnec

436 2311 605 2355 amabile
636 2313 852 2370 quidquam
868 2341 887 2367 ,

234 2379 310 2426 Ad
328 2380 438 2437 qu'us
459 2393 642 2423 numeros
667 2380 805 2436 Superi
826 2391 1055 2424 verruntur
1064 2407 1083 2434 ,

557 2443 602 2490 {9⁹
639 2442 772 2486 Orbis.

234 2506 484 2557 Rationem
517 2506 685 2552 horum
725 2505 928 2554 refundit
963 2507 1084 2570 Phy-

235 2572 321 2621 sica'
332 2573 376 2619 in
389 2573 610 2618 unionem
626 2571 753 2619 illam
767 2567 1083 2631 arestiffimam,

236 2653 328 2702 qua
341 2637 674 2696 animacorpori
689 2636 957 2699 colligatur:
981 2640 1086 2687 hinc

234 2705 304 2752 illi
346 2699 538 2753 effeetus
571 2699 868 2765 sympathia,
916 2705 1083 2768 quibus

1168 199 1319 261 anima
1331 237 1344 256 ,
1364 212 1474 253 utut
1489 199 1836 265 spiritualisftota
1848 241 1860 261 ‚
1885 217 2011 252 nime

1165 267 1371 327 patiente
1404 282 1595 330 corpore
1612 272 1793 333 *patitur
1821 307 1833 326 ,
1891 284 2012 322 nunc

1167 345 1271 377 cum
1290 332 1686 385 laetantelaetatur.
1816 335 2010 397 Organo

1163 411 1334 459 nempe
1355 400 1648 459 pnevmatico
1666 414 1764 451 non
1797 399 2008 448 absimilis

1165 461 1311 508 homo
1333 460 1401 509 est
1413 499 1427 520 ,
1452 465 1608 511 intillo
1621 464 1651 511 fi
1666 476 1824 527 tangas
1839 466 2008 522 claves,

1163 538 1216 572 ut
1245 540 1435 584 vocant,
1475 529 1586 576 dant
1606 527 1804 577 sonitum
1814 527 2005 588 fistulae3

1160 593 1209 638 in
1240 592 1333 640 hoc
1359 593 1389 640 si
1416 609 1608 641 moveas
1635 592 1806 650 sensus,
1860 596 2010 641 anima

1161 658 1391 705 conformi
1442 656 1752 722 symptomate
1789 673 2011 722 coopera-

1160 733 1248 769 tur.
1318 723 1455 786 Unde
1474 740 1568 771 non
1605 722 1851 773 difficulter
1870 725 2005 771 intel·-

1156 789 1272 850 liges
1286 824 1299 845 ,
1338 804 1429 851 qua
1439 791 1616 836 ratione
1628 790 1822 838 Davidis
1840 790 2005 852 cytha-

1152 869 1205 900 ra
1246 849 1273 901 ὲ
1306 856 1575 902 turbulento
1609 856 1745 903 Saule
1775 855 2005 918 expulerit

1156 919 1428 978 Sathanam3
1474 919 1520 966 id
1542 920 1706 968 enimsi
1731 921 1904 967 virtute
1929 919 2001 966 di-

1147 981 1274 1034 re&a
1293 983 1526 1048 contigisse
1536 983 1766 1033 existimes
1779 1022 1792 1042 ,
1811 985 2003 1032 halluci-

1147 1051 1350 1108 naberis:
1395 1050 1508 1113 quid
1538 1051 1664 1098 enim
1701 1050 1872 1100 Musica
1901 1065 1999 1102 non

1147 1115 1336 1163 habenti
1349 1117 1506 1163 aures?
1541 1113 1615 1163 sed
1638 1117 1878 1165 harmonia
1904 1116 1997 1163 haec

1147 1179 1308 1244 potius
1335 1183 1481 1230 Saulis
1507 1184 1802 1244 temperiem,
1834 1182 1992 1233 furore

1152 1245 1337 1309 penitus
1374 1248 1717 1304 conturbatam,
1754 1247 1810 1295 ad
1830 1261 1995 1310 quem-

1151 1313 1259 1359 dam
1288 1313 1522 1375 redegerat
1551 1314 1761 1360 ordinem
1781 1349 1793 1369 ,
1836 1309 1995 1374 sicque

1149 1379 1364 1440 Stygium
1378 1375 1605 1439 hospitem
1617 1416 1629 1434 ,
1657 1380 1735 1441 qui
1749 1394 1845 1424 non
1855 1375 1994 1440 pisca-

1150 1455 1245 1499 tur,
1270 1443 1407 1492 nifiin
1425 1445 1634 1500 turbido,
1659 1444 1896 1490 domicilio
1915 1440 1996 1488 de-

1148 1511 1363 1556 turbavit.
1428 1510 1687 1570 lntelliges‚
1716 1509 1995 1571 quaratione

1145 1591 1170 1622 a
1219 1576 1449 1630 Micheas,
1482 1577 1532 1623 &
1563 1572 1736 1624 Eliseus
1774 1575 1994 1636 Spiritum
2115 1588 2140 1621 a

1142 1642 1473 1704 Propheticum
1511 1656 1590 1702 per
1630 1639 1852 1687 modulos
1883 1640 2165 1701 Mu-4.Reg.

1140 1706 1250 1754 ficos
1275 1704 1539 1753 excitarint:
1573 1707 1743 1752 Lucius
1754 1705 1881 1767 Sylla
1895 1702 2030 1752 ani-c.
2049 1723 2090 1763 3.

1141 1773 1209 1819 mi
1226 1786 1388 1820 motus
1412 1768 1656 1819 sedaverit:
1692 1772 1721 1818 b
1746 1769 1991 1828 Democri·
2100 1769 2132 1815 b

1145 1850 1220 1886 tus
1269 1835 1663 1900 Clytemnestram
1699 1839 1747 1883 in
1771 1834 2167 1884 CastitateI-Iomer.

1145 1902 1358 1953 firmarit:
1405 1919 1497 1966 qua
1528 1906 1708 1950 ratione
1729 1899 1989 1952 Theodori-
2001 1900 2129 1960 Odyff.
2152 1917 2196 1958 3.

1145 1987 1223 2019 cus
1245 1974 1349 2019 Rex
1374 1970 1430 2017 ad
1460 1967 1724 2017 domandos
1743 1968 1986 2016 Barbaros:
2103 1980 2126 2011 c

1143 2053 1168 2084 c
1192 2039 1343 2100 Cyrus
1377 2035 1435 2083 ad
1471 2033 1745 2082 animandos
1786 2029 2122 2095 Martialicic.l.
2142 2047 2187 2077 ε.

1141 2104 1300 2152 furore
1333 2103 1506 2151 milites
1551 2098 1722 2149 Musica
1757 2096 1864 2147 usus
1906 2095 2141 2158 fittdqleg.

1144 2188 1236 2235 qua
1281 2171 1459 2219 ratione
1482 2166 1514 2213 d
1561 2165 1873 2229 Legislatores
1904 2175 1984 2223 per
2090 2162 2120 2207 d

1143 2237 1364 2290 Music-am
1396 2234 1640 2297 Juventuti
1664 2229 2084 2277 instillaverintAEli.
2105 2231 2135 2273 l.
2151 2245 2194 2274 2.
2245 2271 2261 2275 ,
2285 2247 2290 2264 ι

1142 2309 1267 2370 leges
1279 2341 1292 2361 ,
1334 2302 1475 2350 Groeci
1498 2310 1669 2346 -contra
1680 2332 1692 2351 ,
1733 2311 1781 2342 ac
1794 2291 2040 2344 «Arcadiide
2052 2310 2151 2340 var.

1141 2374 1337 2421 ferinam
1354 2366 1561 2415 indolem
1580 2361 1808 2425 induerint
1822 2398 1835 2417 ,
1860 2361 1914 2407 ab
1928 2373 1985 2404 eo
1997 2358 2089 2420 hist.

1142 2451 1375 2500 tempore,
1409 2448 1505 2495 quo
1519 2426 1715 2479 aMufica
1731 2423 1984 2478 discessere.

1139 2504 1375 2565 Intelliges
1388 2536 1401 2556 ,
1423 2513 1516 2562 qua
1525 2496 1997 2556 rationePythagotas·

1139 2566 1471 2617 adolescentem
1485 2560 1738 2626 quemdam
1751 2561 1984 2609 Taurom-

1138 2649 1296 2682 meum
1309 2670 1321 2690 ,
1341 2627 1675 2678 insanoamoris
1689 2624 1828 2672 oestro
1836 2628 1981 2688 perci-

1138 2706 1279 2760 tum,
1296 2694 1500 2764 spondeo
1535 2690 1803 2760 personante
1827 2692 2005 2805 residi--¹

1899 2767 1985 2805 erit
