2294 2933
912 95 1087 165 Virgula
1122 92 1363 147 Pharaonis.-
1380 114 1385 119 ·
1912 105 2011 157 ’.ς-,εὶ

262 229 365 265 tem
386 211 486 263 sese
509 210 834 276 fingiteradere
852 249 865 269 ,
891 209 1110 275 aliudque

265 282 382 344 part-i
403 282 605 342 corporis
627 315 638 333 ,
686 273 889 325 maxime
914 278 1107 332 latenti,

262 346 486 407 imprimit
503 344 673 390 infame.
688 341 871 405 stigma:
900 358 1013 390 mox
1023 358 1107 388 no—

261 426 324 456 vo
344 410 531 455 nomine
546 403 572 454 ὲ
593 405 718 455 fastis
735 408 906 470 Stygii-s
926 404 1108 455 desum-

257 487 368 536 pto,
395 486 611 533 tyronem
635 473 814 528 initiat,
848 471 953 519 dein
977 473 1106 532 jubet

242 540 516 585 'renuntiare
532 539 719 599 patrinis
733 573 745 592 ,
774 530 1027 597 novosquex
1037 551 1107 584 re-

256 604 405 664 cipere
421 639 435 657 ‚
464 618 581 664 quos
600 604 645 647 in
653 602 950 663 ganea-logico
969 598 1106 648 stem-

258 679 384 715 mate
419 664 624 714 scelestos
667 669 864 728 Megaera
894 676 1105 713 numerat

255 742 467 794 :nepote-s.
536 733 622 783 His
651 727 869 793 peraffls,
901 745 958 777 ne
977 730 1105 792 quod

257 794 439 859 superfit
459 792 613 843 salutis
640 795 894 857 Refugium
907 832 920 851 ‚
939 809 1105 842 renun-

256 862 567 923 tiarecogitur
593 861 661 907 illi
678 893 692 916 ,
730 874 829 922 quae
859 857 901 907 se
917 859 1027 908 dicit
1053 861 1104 909 &

253 928 422 988 probat
464 935 726 987 peccatorum
766 926 1011 988 Refugium:
1071 923 1102 972 fi

254 1005 357 1052 quae
369 989 509 1038 adfint
523 991 681 1039 Crucis
701 986 936 1039 salutiferae
954 988 1076 1051 figna
1087 1026 1100 1045 ‚

256 1055 550 1116 abjiciuntur:
571 1055 602 1102 si
624 1056 670 1102 in
683 1055 894 1102 amuletis
911 1050 1102 1103 Sanelo-

254 1134 360 1167 rum
391 1121 613 1182 Reliquiae
632 1157 647 1177 ,
683 1118 875 1182 pedibus
917 1120 1102 1166 concul-

253 1196 437 1231 cantur:
476 1198 576 1233 tum
592 1180 856 1232 describitur
882 1185 1034 1232 fatalis
1055 1185 1102 1230 in

255 1260 373 1296 terra
391 1250 583 1297 circulus
598 1286 610 1306 ‚
644 1251 689 1296 in
710 1264 800 1311 qua
834 1246 966 1298 tastis
987 1250 1102 1297 Scri-

254 1315 522 1375 pturis‚libri
535 1314 772 1376 eujusdam
783 1312 1102 1376 tetrafuligine

252 1380 508 1439 horrenti33
531 1398 534 1402 ·
559 1382 820 1442 juramento
841 1376 1013 1426 solenni
1035 1375 1101 1425 sa-

248 1444 472 1506 crilegum
512 1443 743 1506 praestatur
780 1443 1050 1508 homagium
1086 1480 1099 1500 ,

251 1521 368 1553 mox
378 1508 521 1555 deleri
531 1511 648 1571 petit
658 1504 682 1556 ὲ
693 1510 809 1556 libro
826 1511 954 1566 vitae,
972 1505 1101 1557 huic-

249 1570 528 1633 queinscribi
551 1575 800 1637 nigerrimo
830 1575 947 1621 libro
974 1588 1101 1621 mor-

251 1638 311 1685 tis
330 1653 338 1681 :
358 1633 428 1683 sed
448 1640 497 1687 &
513 1654 596 1700 pro
617 1637 726 1685 fidei
743 1635 898 1687 teffera
916 1634 940 1686 ὲ
964 1636 1100 1687 vesti-

247 1702 335 1747 bus
348 1714 560 1750 centones
569 1698 606 1758 ,ὲ
617 1718 807 1765 corpore
818 1701 1096 1766 sanguinem,

248 1761 511 1829 nomenque
542 1768 596 1817 fic
628 1779 864 1815 exaratum
902 1768 1099 1815 daemoni

251 1831 388 1877 tradit
409 1869 422 1886 ,
451 1829 661 1880 sacrificia
678 1831 867 1894 spondet
882 1833 1099 1882 exinfan-

253 1907 355 1940 tum
375 1892 576 1944 maxime
602 1897 720 1944 caede
756 1895 990 1960 sacrilega3
1018 1913 1098 1943 ve-

250 1956 388 2022 &iga‘i
405 1976 594 2031 quoqpe
616 1963 853 2021 annuum(
874 1961 1002 2025 quod
1013 1962 1098 2011 atri

250 2026 417 2072 coloris
439 2025 490 2073 fit
511 2031 731 2088 oportet)
767 2028 1000 2090 promittit
1018 2042 1096 2074 cu-

249 2086 586 2152 stodicorporis·
613 2088 851 2148 affistenti,
893 2094 943 2143 ὃς
968 2090 1097 2139 deni-

251 2169 341 2216 que
369 2159 489 2204 varia
528 2170 670 2206 vovet
699 2158 825 2204 Orco
852 2154 1096 2219 praestanda

248 2217 478 2282 obsequia.
544 2223 596 2268 In
620 2222 896 2283 compendio
915 2223 1097 2270 formu-

246 2283 338 2330 lam
378 2285 506 2332 dedit
536 2289 755 2348 Sagarum
792 2288 945 2350 aliqua
975 2286 1094 2350 apud

244 2349 558 2400 Grillandum:
603 2366 680 2398 me
710 2368 948 2414 nunquam
975 2352 1093 2403 redi-

241 2424 392 2460 turam
405 2431 556 2461 voveo
569 2415 804 2472 adChristi
821 2414 963 2465 fidem
976 2434 985 2464 :
1000 2433 1093 2465 non

245 2476 523 2526 servaturam
551 2494 769 2544 praecepta
786 2520 798 2538 ‚
832 2482 911 2529 nisi
929 2483 1092 2530 Princi-

242 2547 310 2606 pis
340 2546 647 2591 tenebrarum:
680 2547 1007 2609 nunquamnil'i
1030 2546 1083 2593 si-

241 2611 496 2655 mulatione
513 2607 752 2672 sacrilega,
788 2628 863 2658 me
904 2609 1082 2660 usuram

239 2676 536 2724 sacramentis
551 2675 750 2729 Ecclesiae
770 2693 780 2725 ;
814 2674 1084 2729 Eucharisti-

1159 227 1268 258 -cum
1292 213 1503 265 Numen,
1531 210 1737 272 Deiparae
1759 210 2006 268 simulacra,

1163 272 1433 326 Sanetorum
1475 327 1477 331 ,
1505 277 1730 338 Imagines
1783 279 2006 325 culturam

1161 343 1422 403 nunquam,
1452 336 1526 386 sed
1563 341 1860 388 calcatura-m:
1888 344 2009 390 Cru-

1163 406 1224 451 cis
1245 403 1480 454 salut'iferae
1491 403 1616 469 signo
1627 441 1640 460 ‚
1667 403 1838 452 lustrali
1850 407 1983 452 latice
1995 444 2008 463 ,

1162 464 1393 530 rebusque
1416 468 1582 515 exteris
1596 469 1650 515 ab
1666 466 1855 518 Ecclesia
1874 471 2012 516 bene-

1159 529 1294 584 dietis
1314 531 1494 580 usuram
1512 549 1769 596 nunquam,
1800 532 1875 583 sed
1902 535 2013 581 abu-

1163 595 1330 644 suram:
1369 599 1588 660 pertinaci
1600 599 1778 648 silentio
1796 601 1891 648 hoc
1901 614 2007 646 cum

1162 663 1305 725 Styge
1311 664 1641 711 commeritum
1651 680 1726 712 me
1737 666 1985 713 celat-uram
1996 680 2009 711 :

1159 725 1383 772 continuo
1396 726 1656 774 adfuturam
1666 730 1804 787 ludis,
1822 726 2015 777 noetur-

1160 791 1229 836 nis
1242 791 1398 851 Orgiis
1412 827 1424 846 ‚
1445 791 1603 901 ibiqpe
1612 796 1738 841 cultu
1750 796 2010 851 latrevtico‚

1159 851 1377 901 sacrificiis
1399 891 1411 910 ,
1467 856 1542 902 vie
1564 857 1668 905 imis
1717 860 2010 917 adoraturam

1157 916 1450 980 personatum
1493 917 1570 967 sub
1608 923 1749 970 Hirco
1780 927 2002 973 Numen:

1158 983 1357 1046 denique
1373 983 1593 1032 occasioni
1603 988 1716 1035 nulli
1729 1005 1805 1039 me
1815 990 2006 1036 defutu-

1157 1063 1254 1095 ram
1267 1085 1279 1104 ,
1304 1050 1378 1096 vel
1397 1049 1899 1110 nocendimortalibus.,
1928 1054 2006 1101 vel.

1158 1111 1344 1159 eosdem
1361 1113 1419 1160 ad
1445 1112 1569 1161 idem
1601 1118 1712 1164 Orci
1733 1117 2007 1182 obsequium

1158 1177 1425 1225 adducendi.
1503 1181 1671 1229 Ethaec
1708 1182 1772 1232 est
1797 1182 2010 1247 abyssus,

1156 1243 1203 1289 in
1232 1258 1372 1305 quam
1392 1240 1434 1290 se
1444 1246 1718 1308 praecipitem
1737 1252 1829 1311 agit
1839 1250 2005 1297 huma-

1156 1322 1222 1353 nae
1239 1311 1431 1363 mentis,
1453 1312 1725 1372 vertiginem
1745 1312 1880 1362 semel
1904 1311 2005 1376 pas-

1157 1369 1230 1427 sae,
1267 1370 1535 1443 infirmitas.
1593 1379 1675 1434 Et,
1702 1379 1815 1442 quid
1828 1392 1963 1442 putas
1982 1417 2003 1437 ,

1154 1437 1383 1499 promissis
1416 1437 1535 1487 adeo
1563 1444 1824 1492 execrandis
1850 1461 2006 1508 repro-

1155 1504 1300 1551 mittit
1324 1502 1528 1560 claemon‚
1561 1505 1761 1558 licitator
1781 1523 1877 1556 tam
1896 1526 2003 1558 ava-

1154 1582 1229 1614 rus
1244 1568 1287 1614 in
1298 1570 1565 1617 mortalium
1578 1575 1838 1630 commoda,
1861 1575 2002 1637 quam

1153 1632 1350 1681 liberalis
1370 1634 1418 1680 in
1446 1633 1639 1684 damna?
1689 1639 1817 1694 audi,
1852 1643 1900 1688 δε
1919 1642 2002 1687 ob-

1153 1695 1372 1759 stupesce:
1422 1699 1599 1747 homini
1620 1739 1633 1757 ‚
1690 1720 1830 1765 quem
1879 1703 2003 1752 hisce

1152 1763 1324 1824 peccati
1358 1762 1550 1810 vinculis
1594 1768 1687 1826 jam
1728 1765 1833 1815 vere
1878 1782 2003 1816 tenet

1154 1825 1472 1885 constriehim,
1510 1832 1560 1878 &
1587 1830 1677 1892 ipse
1703 1847 1896 1889 munic),
1930 1833 2001 1882 sed

1156 1903 1309 1941 tamen
1344 1889 1479 1950 fleto,
1505 1892 1590 1942 sese
1604 1897 1779 1946 foedere
1797 1900 2004 1962 obligat.-⁸

1152 1969 1319 2018 utpote
1340 1973 1435 2019 quo
1462 1960 1653 2022 obligari
1674 1979 1825 2025 neque
1851 1967 2001 2027 cupit,

1148 2037 1302 2083 neque
1329 2023 1468 2074 etiam
1487 2024 1652 2086 potest.
1748 2029 2001 2077 Foederatis

1152 2084 1367 2149 spondet,
1420 2085 1463 2136 se
1478 2088 1640 2151 praesto
1674 2088 1846 2156 semper
1871 2096 1999 2141 futu-

1151 2167 1277 2208 rum,
1321 2150 1485 2200 scilicet
1515 2168 1566 2202 ut
1590 2156 1778 2213 illudat,
1806 2176 1899 2206 non
1925 2162 1997 2222 ju-

1151 2230 1230 2266 vet
1250 2234 1260 2264 :
1291 2221 1414 2266 votis
1428 2217 1814 2270 velificaturumie
1835 2222 1995 2279 afferit‚·

1151 2282 1182 2329 s1
1206 2282 1288 2332 sint
1314 2283 1370 2330 ad
1390 2297 1520 2332 vota:
1562 2287 1726 2349 gaudia
1738 2290 1994 2350 promittit,

1150 2362 1316 2410 nempe
1334 2348 1614 2401 illusionibus
1634 2353 1796 2413 plena:
1841 2369 1953 2416 opes
1981 2391 1995 2411 ‚

1151 2410 1224 2461 sed
1246 2415 1291 2461 in
1329 2418 1429 2460 a'ere
1448 2413 1664 2464 confielas
1687 2433 1701 2475 3
1753 2419 1953 2467 honores
1977 2456 1992 2475 ‚

1148 2474 1224 2527 sed
1245 2479 1292 2528 in
1308 2480 1540 2527 Phantafia
1562 2482 1789 2530 formatos
1809 2499 1819 2531 ε
1858 2485 1995 2531 volu-

1148 2554 1322 2604 ptates,
1359 2543 1432 2594 sed
1458 2547 1765 2607 imaginarias:
1802 2549 1996 2596 felicita-

1150 2620 1243 2655 tem
1266 2609 1405 2656 etiam
1424 2608 1527 2671 post
1555 2614 1662 2657 Fata
1686 2611 1950 2661 duraturam
1979 2649 1993 2668 ‚

1148 2669 1221 2722 sed
1233 2688 1398 2735 nempe
1410 2675 1727 2738 chymericam.
1801 2681 1860 2727 Et
1871 2679 1995 2725 hisce

1258 2738 1348 2790 Kk
1386 2753 1418 2793 2
1775 2751 1780 2754 '
1815 2742 1996 2794 falliciis
