2294 2933
41 401 239 446 Muretus

45 461 72 508 l.
99 475 140 519 3.
164 467 253 514 Var.

42 525 135 575 leffl
153 545 167 573 .·

42 859 178 925 Eusrl’.

42 929 210 990 Caesari.

35 1254 145 1308 elin.
158 1255 186 1308 1.
199 1271 234 1308 c.

20 1576 139 1640 ,Idem
148 1577 177 1633 l.
202 1593 231 1626 c.

27 1829 140 1883 Idem
159 1832 186 1888 l.
199 1850 231 1886 c.

286 104 352 154 44
937 90 1133 143 Flamma·
1167 90 1420 145 Promethei.

284 209 589 271 imperantem
614 245 626 266 ‚
663 207 940 274 singularum
967 210 1136 274 linguis

286 275 349 320 ita
372 273 582 321 locutum
607 273 761 323 ferunt
786 312 799 333 ‚
839 291 888 323 ac
915 276 945 324 si
974 290 1136 323 omnes

286 351 390 385 cum
421 342 557 387 unius
585 343 749 388 Matris
786 338 904 388 labie
942 336 1134 387 suxisset.

285 401 543 467 Obstupuit
580 420 769 468 quoque
790 403 940 455 Padua
963 442 976 461 ‚
1030 404 1137 454 cum

290 470 477 531 triginta
496 466 569 516 sex
594 472 837 516 nominum
852 470 998 518 millia
1015 508 1026 527 ‚
1059 486 1139 518 eo·-

290 531 397 580 dem
429 548 524 596 quo
541 530 746 581 hauserat
773 534 934 582 ordine
952 573 965 591 ‚
1008 534 1032 582 a
1057 537 1139 598 Ju-

289 612 405 645 vene
423 599 645 660 repetita,
701 600 751 648 &
784 600 972 663 quidem
1005 603 1137 653 nullo

290 678 438 709 errore
463 664 728 727 perciperet.
807 667 904 712 Nec
923 668 1039 714 inter
1056 665 1137 713 he-

290 727 414 774 betes
428 729 943 792 numerandusJoannes
959 733 1035 779 illc
1058 736 1138 780 Pa-

286 790 483 840 iaestinus
502 831 512 850 ‚
548 795 626 856 qui
653 795 861 843 universa
882 794 1006 843 sacrae
1025 798 1138 845 Scri-

286 870 427 920 pturae
441 861 679 908 volumina
699 898 711 916 ,
746 860 795 907 esi
813 861 1138 909 fuitmemorift

286 924 571 986 complexus,
604 938 656 973 ut
670 926 1021 990 quibuscunque
1035 943 1138 974 ver-

285 989 353 1035 bis
385 985 519 1037 filum
558 993 813 1054 porrigeres
833 1029 845 1048 ‚
902 991 947 1039 id
980 991 1135 1056 lingui

283 1068 521 1117 nunquam
546 1057 760 1114 fallente,
798 1055 853 1104 ad
882 1055 1135 1121 usqueexi-

283 1130 383 1166 tum
408 1117 774 1186 prosequeretur.
848 1123 937 1172 Sed
965 1125 1015 1173 &
1034 1139 1132 1170 me-

278 1187 426 1232 moria
456 1187 567 1250 Cyri
593 1190 866 1251 neutiquam
896 1189 1132 1236 oblivione

277 1247 493 1299 delenda:
529 1267 636 1300 nam
651 1265 778 1301 tanta
792 1255 910 1312 fuit,
941 1250 1029 1302 ute
1049 1252 1128 1302 suo

277 1317 476 1364 exercitu
489 1355 500 1371 ,
539 1318 619 1382 qui
637 1315 778 1366 sexies
798 1334 988 1368 centena
1006 1321 1128 1367 mili-

274 1393 378 1428 tum
387 1383 534 1430 millia
543 1380 951 1448 completstebatur,
964 1400 1128 1449 quem-

271 1448 345 1495 vis
375 1462 470 1495 non
497 1447 682 1498 tantum
706 1451 895 1498 nomine
918 1486 932 1508 ‚
978 1449 1052 1499 sed
1076 1454 1127 1502 &

271 1515 551 1576 cognomine
583 1517 774 1579 proprio
807 1518 1122 1580 compellaret.

271 1577 480 1628 Ulterius
530 1577 815 1644 progressum
862 1593 1124 1631 memorant

269 1643 464 1692 Lucium
490 1647 750 1709 Scipionem
768 1684 781 1704 ,
821 1648 901 1711 qui
918 1647 1124 1712 singulos

269 1711 407 1768 cives,
442 1726 643 1774 quorum
662 1714 891 1776 myriades
902 1715 1122 1777 plurimas

269 1786 376 1822 tunc
387 1791 709 1826 numeraverat
726 1780 893 1836 Roma,
925 1793 1122 1828 onoma-

265 1836 378 1888 stico
388 1855 482 1889 non
496 1838 631 1891 semel
647 1845 787 1891 titulo
811 1841 1026 1892 salutarit.
1059 1847 1118 1894 ll-

266 1904 347 1953 lud
357 1906 557 1972 denique
577 1909 798 1957 miraculo
815 1913 1084 1974 proximum
1106 1947 1119 1968 ‚

266 1972 565 2021 Charmidem
590 2012 602 2031 ,
653 1975 772 2023 fidus
805 1975 1042 2039 quondam
1071 1993 1118 2024 m

263 2036 432 2084 Graecia
444 2040 772 2102 magnitudinis
784 2045 938 2104 primae
948 2079 960 2100 ‚
994 2056 1116 2105 quae-

261 2115 442 2164 cunque
481 2107 662 2153 auribus
685 2106 860 2164 hausit,
893 2106 1115 2156 felicitate

260 2163 441 2229 prorsus
462 2169 846 2232 imperturbabili,
885 2172 909 2221 ὲ
932 2188 1114 2221 merno-

261 2234 325 2279 ria
343 2267 355 2288 ‚
392 2237 521 2281 velut
531 2249 717 2297 parente
736 2233 760 2283 ὲ
769 2240 933 2300 pagina
951 2275 962 2296 ‚
997 2254 1112 2286 mox

259 2295 477 2346 recitcisse:
511 2299 629 2356 imo,
650 2316 951 2366 quoscunque
967 2306 1110 2352 libros

259 2364 458 2426 legendo
513 2364 770 2413 decurrerat
812 2405 825 2425 ,
889 2368 1112 2418 memorizi

260 2441 374 2475 mox
406 2427 592 2477 tenuiffe
611 2467 623 2487 ,
656 2430 924 2481 helluonem
942 2435 1109 2482 biblio-

256 2507 361 2541 tum
384 2530 396 2550 ,
433 2496 483 2543 &
516 2495 894 2546 bibliothecarum
924 2502 1106 2563 voragi-

257 2573 363 2606 nem
383 2561 726 2622 propemodum
746 2559 972 2611 infinitam
1004 2581 1014 2610 ε
1055 2567 1104 2615 &

255 2622 347 2670 haec
365 2619 464 2672 sunt
485 2661 497 2682 ‚
549 2641 648 2688 quae
666 2626 724 2674 de
759 2628 979 2677 felicitate
1005 2645 1104 2678 me-

253 2690 409 2735 moriae
419 2725 433 2745 ‚
463 2689 752 2752 posterorum
763 2696 995 2744 memoriae
1008 2698 1103 2746 Ve-

254 2763 371 2803 teres
383 2754 729 2807 comendfirunt.
835 2757 837 2759 ’

1258 211 1390 261 MEL
1414 227 1426 260 ε
1461 211 1564 263 Tua
1591 214 1810 278 probatur
1825 212 1925 262 haec
1937 228 2046 263 eru·

1193 273 1332 324 dit'io:
1354 275 1586 328 Caeteriim
1596 279 1749 328 dixisti
1761 281 1925 337 multa,
1947 294 2041 328 non

1193 344 1397 390 multum
1420 360 1430 389 ι
1465 347 1617 407 paucis
1644 347 1759 393 habe
1777 347 2040 409 problema-

1194 409 1251 454 tis
1263 407 1550 456 decisionem.
1620 412 1759 466 Sunt,
1792 413 1957 474 quibus
1969 426 2051 457 ce·-

1193 474 1417 520 rebellum
1457 473 1686 523 &siccum
1707 474 1771 524 est
1803 479 1854 525 &
1886 473 2041 523 exsuc-

1192 551 1323 597 cum3
1362 540 1527 602 quibus
1548 538 1660 586 aridi
1678 538 1936 604 torpescunt
1956 538 2042 604 spi-

1192 604 1306 651 ritus
1320 641 1331 660 ,
1368 601 1593 668 spissaeque
1603 617 1737 667 caput
1750 607 1921 669 ubique
1940 606 2045 669 p'er-

1191 669 1346 717 forant
1362 668 1523 717 aristae:
1558 669 1662 716 hinc
1672 674 1888 733 navigant
1906 674 1950 718 in
1964 671 2040 719 sic-
2060 722 2063 727 ,

1193 748 1247 781 co
1267 731 1441 798 semper
1460 772 1471 791 ,
1505 751 1587 781 nec
1605 734 1682 782 mii
1706 736 1846 783 invit&t
1867 739 2042 784 Miner*

1191 799 1249 846 vi
1270 797 1558 847 stramineam
1581 797 1743 847 frustra
1765 804 2039 848 memoriam

1189 861 1438 926 flagellant.
1476 867 1706 914 Thracum
1717 864 1832 913 verb
1852 866 2041 915 durities

1190 946 1248 976 ex
1266 944 1321 977 eo
1343 931 1569 992 originem
1595 932 1732 978 trahit
1756 968 1769 988 ,
1800 930 1830 978 si
1862 934 2040 978 conim-

1189 995 1462 1051 bricensibus-
1490 993 1605 1043 fides
1626 1032 1639 1051 ,
1675 996 1802 1058 quod
1821 993 1902 1042 soli
1926 999 2039 1045 Coe-

1188 1059 1502 1124 liquenatura,
1536 1056 2038 1124 siderumqueinssuxus

1189 1127 1435 1189 qualitates
1446 1127 1680 1174 memoriae
1705 1128 1932 1183 inimicas,
1964 1128 2038 1189 ju-

1186 1193 1607 1255 giterimprimant:
1648 1192 1771 1239 unde
1789 1192 2036 1240 Thebanos

1184 1273 1376 1320 quoque
1394 1258 1578 1320 ingenio
1598 1254 1761 1304 obtuso
1783 1259 1833 1306 ἃ
1851 1258 2033 1320 pingui,

1182 1320 1480 1385 Athenienses
1499 1318 1732 1385 perspicaci
1746 1335 1886 1384 atque
1899 1336 2033 1369 acuto
2050 1327 2121 1380 lib.
2152 1327 2204 1378 de

1180 1386 1312 1435 fuisse
1329 1425 1342 1446 ‚
1373 1389 1557 1438 Author
1567 1386 1631 1435 est
1641 1388 1899 1436 Oratorum
1910 1389 2033 1436 Prin·
2049 1393 2233 1450 divinat,
2290 1396 2294 1451 ζ

1180 1467 1285 1516 ceps
1312 1468 1322 1500 2
1382 1450 1443 1502 eo
1463 1451 1591 1517 quod
1619 1454 1801 1502 Thebas
1831 1449 1992 1501 crassus
2018 1489 2032 1509 ‚
2274 1472 2279 1477 ‘

1179 1520 1384 1568 Athenas
1401 1534 1527 1567 rarus
1547 1515 1816 1582 subtilisque
1828 1521 1903 1566 a'er
1927 1514 2034 1565 soli-

1182 1595 1256 1632 tus
1284 1583 1336 1633 sit
1362 1586 1576 1633 animare.
1696 1583 1871 1633 Contra
1898 1580 1997 1632 sunt
2016 1621 2028 1640 ‚

1180 1651 1346 1713 quibus
1383 1647 1551 1698 viscosa
1592 1650 1760 1697 cerebri
1802 1648 1983 1698 indoles
2013 1685 2027 1706 ‚

1179 1716 1346 1779 quibus
1359 1712 1538 1780 spiritus
1554 1715 1747 1771 humidi,
1774 1712 2027 1778 aptiquead

1178 1780 1506 1845 recipiendam,
1538 1795 1647 1830 cerae
1667 1779 1803 1828 instar
1821 1817 1833 1838 ‚
1862 1795 2027 1842 quam-

1175 1847 1506 1911 visimaginem
1519 1862 1528 1892 τ
1542 1846 1650 1896 &hi
1661 1843 1922 1909 prodigiosa
1932 1860 2028 1895 non

1173 1909 1279 1961 raro
1292 1912 1514 1960 memoria
1525 1912 1771 1960 excellunt.
1808 1910 1859 1958 Id
1872 1924 2026 1959 tamen

1173 1977 1232 2026 de
1263 1979 1540 2026 humiditate
1573 1977 1717 2024 velim
1765 1975 1974 2024 advertas
2009 2012 2023 2033 ‚

1173 2041 1307 2107 quod.
1329 2044 1437 2092 sicut
1457 2044 1689 2091 memoriae
1708 2054 1933 2105 prompta:
1958 2039 2024 2089 est

1169 2111 1386 2173 genitrix,
1405 2112 1493 2165 ita,
1528 2108 1731 2163 finimia‚
1770 2107 2020 2154 oblivionis

1170 2190 1360 2239 quoque
1388 2175 1441 2224 fit
1470 2176 1655 2222 Matesz
1709 2186 1816 2218 nam
1836 2209 1849 2228 ,
1892 2186 2021 2235 aquae

1167 2239 1318 2297 instar,
1338 2234 1471 2288 facile
1483 2238 1605 2285 ideas
1618 2251 1780 2284 omnes
1799 2237 2019 2294 admittit,

1165 2303 1240 2353 sed
1258 2321 1340 2352 nec
1361 2301 1608 2352 difficulter
1632 2302 1826 2349 dimittit
1852 2319 1862 2348 :
1915 2302 2018 2350 hinc

1163 2371 1300 2419 haeret
1313 2385 1431 2434 aqua
1442 2364 1672 2432 saepiffime
1689 2405 1702 2424 ‚
1743 2361 1980 2430 fide'mque
2001 2404 2014 2424 ‚

1164 2450 1304 2500 quam
1323 2435 1417 2484 cito
1438 2434 1566 2482 dedit
1582 2470 1595 2491 ,
1652 2431 1788 2481 citius
1813 2434 2013 2495 rumpit,

1160 2504 1209 2549 in
1246 2499 1336 2566 ipsa
1379 2497 1471 2548 fide
1522 2496 1718 2553 infidelis
1770 2500 2011 2546 memoria.

1162 2566 1338 2616 Contra
1360 2567 1427 2614 illi
1457 2601 1469 2621 ‚
1509 2564 1674 2626 quibus
1704 2561 2015 2611 duriusculum

1160 2626 1559 2695 quidem‚minime
1573 2640 1727 2676 tamen
1739 2631 1784 2676 in
1796 2628 2012 2676 adaman-

1160 2709 1257 2748 tem
1280 2697 1483 2761 obriguit
1507 2696 1743 2744 cerebrum
1760 2731 1776 2754 ‚
1828 2691 2013 2744 fidelio-

1826 2800 1844 2809 ,,
1911 2771 2012 2808 sem
