2294 2933
288 81 354 129 40

291 183 491 230 aniinam
522 176 740 228 aestimat!
804 176 941 227 offert
980 179 1137 224 omnia

291 247 566 294 nundinator
579 261 738 292 avarus
758 282 769 300 ,
798 247 847 293 ὃ(
862 244 998 306 quarn
1014 243 1136 289 mul-

290 314 321 359 ti
337 328 420 374 pro
433 311 578 358 nihilo
592 310 793 356 vendunt
813 312 1008 355 animam
1025 321 1135 368 pro·

288 376 382 439 digi
426 414 438 433 ‚
490 392 651 439 propter
705 377 893 435 pugillum
952 373 1091 416 hordei
1122 387 1135 418 ὅ

287 454 474 503 propter
506 440 770 486 lenticulam
796 449 1133 483 momentaneae

289 507 558 568 voluptatis.

54 246 200 296 Ezech.

53 326 87 355 c.
115 326 184 366 13.

349 635 531 680 LEUC.
589 633 694 678 Haec
721 628 947 692 phrenesis
975 667 989 686 ‚
1057 631 1132 677 vel

284 699 440 760 potius
454 697 579 743 furiae
594 694 692 743 sunt
704 696 983 757 Juventutis‚
1013 711 1132 757 quos

285 763 464 808 utinam
501 776 607 808 cum
640 758 801 822 Ulyffe
836 758 1134 807 solummodo

284 824 534 890 fingerent!
567 828 677 889 Spes
691 826 814 872 foret
827 826 1030 872 meliori-s
1047 822 1134 886 spei

283 908 386 938 cum
398 905 630 954 tempore:
653 888 726 937 sed
748 891 989 938 malohuic
1000 889 1135 938 affer-

284 959 583 1020 relacrymas,
606 956 853 1003 medellam
878 951 1134 1018 nonpossu-

286 1037 406 1069 mus.
475 1025 594 1070 Hinc
621 1037 779 1083 precor
800 1059 815 1077 ‚
878 1036 953 1066 me
981 1021 1133 1082 paucis

286 1102 478 1152 quoque
512 1087 702 1134 edoceas
724 1123 738 1141 ‚
790 1085 903 1148 quid
927 1081 1135 1133 Philoso-

283 1151 379 1213 pho
397 1150 480 1199 fint
500 1153 658 1199 animae
670 1151 948 1199 facultates?
982 1151 1131 1198 MEL.

283 1215 608 1280 depraecipuis‚
637 1217 688 1263 ni
704 1217 874 1273 fallo-r,
917 1217 1134 1263 notitiam

283 1280 488 1343 postulas
509 1320 521 1338 ‚
560 1298 672 1344 quas
695 1285 805 1328 trito
823 1283 916 1344 jam
943 1284 1134 1330 nomine

284 1348 586 1404 Voluntatis,
636 1344 940 1402 ΙηῑεΠςᾶὓε,
996 1360 1135 1409 atque

49 1414 224 1453 Memo-
286 1415 523 1459 Memoriae
553 1411 854 1477 designamus.
923 1415 1019 1459 Has
1046 1428 1132 1476 po-

50 1474 129 1518 ria.
253 1530 256 1531 ⁷
283 1479 449 1524 tentias
471 1479 645 1543 illi‚qui
662 1475 989 1527 sacramentum
1003 1473 1133 1526 dixe-

283 1558 330 1588 re
340 1543 576 1609 Angelico,
601 1545 647 1589 in
662 1540 746 1590 suis
762 1545 990 1605 principiis
1001 1544 1131 1597 bene,

287 1608 332 1655 in
354 1605 649 1656 nostrisvero
680 1608 872 1656 nonnisi
903 1605 1042 1670 gratis
1061 1607 1134 1655 di-

285 1670 520 1735 stinguunt
537 1675 590 1720 ab
613 1676 776 1722 anima.
819 1677 892 1720 De
911 1673 1134 1720 memoria

288 1738 562 1799 quid'dicam
583 1740 598 1785 ἓ
653 1738 927 1801 Mysterium
945 1741 1032 1786 hoc
1049 1754 1133 1785 na-

284 1814 391 1848 turae
404 1816 497 1850 tam
511 1819 731 1869 magnum
747 1803 810 1853 est
821 1841 833 1859 ‚
853 1801 1044 1867 tamque
1058 1819 1132 1851 re-

285 1867 524 1915 conditum
553 1907 566 1926 ‚
603 1882 656 1916 ut
675 1884 802 1918 extra
823 1867 863 1916 se
882 1884 1132 1931 propemo-

285 1930 397 1978 dum
410 1947 565 1996 raptus
580 1973 592 1991 ‚
613 1933 997 1997 Philosophorum
1009 1934 1132 1982 Phae-

51 1990 82 2032 l·
124 2005 192 2033 ¹0·
285 1998 363 2042 nix
399 1997 677 2061 Augustinus
704 2037 716 2056 ‚
768 2003 814 2046 in
858 2001 948 2046 haec
995 2000 1131 2047 verba

54 2054 223 2113 C⁰²zftiffi
286 2067 542 2125 proruperit
563 2082 571 2110 :
621 2073 795 2127 Magna
821 2069 889 2113 vis
908 2067 962 2128 est
986 2083 1131 2111 memo-

52 2133 86 2162 ί·
119 2137 188 2170 17·
285 2130 375 2172 riae:
412 2129 567 2188 nescia,
596 2134 700 2189 quod
714 2134 955 2178 horrendum
975 2135 1133 2179 DEUS

286 2209 395 2237 meus
417 2198 431 2237 .'
462 2195 664 2256 profunda
690 2199 733 2244 &3
754 2198 913 2256 infinita
936 2199 1131 2258 multipli-

286 2259 411 2315 citas,
448 2261 492 2308 ἐξ
506 2261 575 2305 hoc
597 2263 752 2305 animus
773 2262 827 2320 est
850 2292 866 2316 ‚
905 2264 949 2311 &⁹
965 2265 1034 2308 hoc
1055 2260 1133 2323 ipse

279 2320 384 2380 sum.
475 2325 548 2369 De
576 2323 697 2370 illius
728 2337 888 2371 natura
914 2327 964 2374 &
1001 2326 1133 2372 indo—

288 2386 331 2432 le
353 2387 440 2433 hoc
457 2402 602 2435 unum
624 2389 841 2435 novimus
861 2425 874 2444 ‚
913 2388 1044 2452 quod
1065 2402 1134 2437 te-

289 2449 353 2496 ste
384 2450 664 2500 Damascene
693 2491 706 2509 ,
741 2452 792 2501 fit
818 2460 1132 2516 promptuarium

289 2521 424 2584 qnimae
450 2549 467 2574 ,
505 2533 601 2579 quo
632 2515 944 2566 diversissimas
977 2522 1131 2582 recipit

289 2582 478 2641 species,
511 2596 711 2644 receptas
744 2585 943 2639 retinet,
981 2598 1131 2632 reten-

290 2657 357 2693 tas
378 2645 433 2693 ad
462 2644 702 2712 obsequia,
734 2650 785 2700 &
800 2645 1063 2699 functiones
1085 2665 1132 2699 a·-

924 67 1105 109 Flamma
1130 62 1374 108 Promethei.

1189 177 1321 222 nimae
1347 172 1545 225 fideliter
1566 175 1729 224 reddit.
1795 180 1869 227 De
1893 172 2034 232 artifi-

1186 242 1260 288 cio
1282 240 1543 289 divinamus
1577 244 1756 300 multa,
1814 246 2036 292 miramur

1188 308 1387 368 plurima
1421 345 1432 362 ,
1489 304 1650 356 scimus
1696 309 2036 372 propemodum

1190 371 1317 418 nihil.
1385 371 1625 434 Ingredere
1652 388 1754 436 cum
1778 372 2035 437 Augustino

1185 441 1388 498 ingentem
1411 441 1599 483 memoria:
1614 443 1773 487 Aulam
1791 472 1807 497 ‚
1863 441 1905 485 in
1929 441 2032 486 aula
2046 437 2074 480 l·
2107 453 2122 480 1
2137 453 2177 482 θ-

1187 503 1352 548 mirare
1367 502 1715 550 innumerabiles
1738 502 1925 551 recessus
1947 542 1957 560 ‚
1987 506 2033 550 in
2048 518 2080 545 c·
2096 512 2138 550 8·
2163 503 2210 551 ἔθ’
2279 543 2282 548 .

1187 562 1426 613 receffibus
1475 563 1653 633 Qifinita
1697 564 2127 632 propemodumseq·

1186 633 1438 694 penetralia
1456 668 1474 686 ,.
1507 632 1673 694 quibus
1699 669 1711 687 ,
1748 635 1892 682 veluti
1923 635 2034 682 toti-

1187 695 1590 760 dem-repotitoriis
1614 733 1627 752 ,
1663 696 1913 750 ministerio
1938 697 2035 747 sen-

1188 759 1320 808 suum
1341 799 1353 817 ,
1386 774 1625 809 totrerum
1643 763 1862 825 imagines
1876 780 2034 811 recon-

1187 827 1374 873 duntur.
1475 829 1662 875 DEUM
1686 829 1997 876 immortalem
2023 824 2034 875 !

1186 890 1598 954 qualeprodigium
1616 929 1629 948 ‚
1651 892 1732 940 nifi
1742 894 1864 941 foret
1878 895 2039 957 vulga-

1186 958 1260 1004 re?
1275 958 1540 1018 imperim&
1555 957 1609 1004 ad
1620 972 1788 1004 nutum
1799 959 2038 1020 prosiliunt

1185 1023 1371 1070 famulae
1382 1019 1548 1084 species
1561 1021 1652 1069 fine
1662 1035 1799 1070 motu
1822 1039 1832 1069 ι
1861 1024 1928 1073 hrt
1942 1021 2039 1086 seg·-

1184 1089 1290 1135 nius
1308 1125 1322 1144 ‚
1383 1085 1648 1150 promptius
1674 1089 1760 1135 illae
1790 1089 2038 1150 imperium

1186 1152 1381 1200 audiunt
1392 1151 1482 1200 sine
1491 1149 1629 1199 sensu:
1642 1168 1760 1200 nunc
1768 1155 2039 1201 catervatim

1189 1218 1389 1281 finelege
1404 1254 1421 1274 ‚
1455 1233 1575 1265 nunc
1597 1214 1640 1265 se
1652 1215 1857 1266 sefistunt
1871 1220 2038 1282 imper-
2058 1252 2065 1262 .

1188 1285 1373 1331 turbato
1385 1281 1546 1330 ordine
1563 1282 1802 1331 fineduce:
1838 1285 1931 1345 jam
1957 1299 2039 1337 va<

1185 1354 1353 1412 >gantur
1385 1365 1463 1412 per
1494 1350 1727 1395 cerebrum
1749 1386 1763 1406 ,
1790 1387 1794 1390 ,
1827 1345 1904 1396 sed
1948 1347 2039 1395 fine

1189 1414 1377 1476 strepitu
1392 1451 1404 1470 ‚
1424 1415 1523 1477 jam
1534 1413 1717 1461 ordines
1728 1414 1913 1461 turbant
1922 1451 1938 1470 ,
1961 1410 2036 1461 sed

1184 1480 1278 1529 suae
1304 1479 1527 1528 tumultu.
1613 1481 1665 1527 In
1684 1475 1868 1526 obscuri
1890 1478 2037 1527 veluti
2292 1481 2294 1530 l

1184 1544 1364 1593 camerfi
1410 1540 1727 1607 repraesentant
1763 1546 1992 1606 praeterita
2017 1579 2038 1601 ‚

1183 1609 1295 1659 -cinn
1319 1610 1402 1658 sint
1411 1607 1649 1672 praesentes
1667 1625 1682 1656 2
1716 1625 1789 1657 res
1813 1625 2002 1672 magnas
2019 1645 2037 1670 u.

1183 1676 1299 1723 ‹dum
1327 1674 1646 1738 magnitudine
1670 1690 1853 1733 careant
1878 1692 1893 1734 3
1947 1676 2040 1733 ἰωή

1184 1738 1362 1789 mensas
1372 1778 1390 1798 .‚
1416 1738 1526 1788 cum
1540 1741 1834 1788 tamenmole
1845 1737 2037 1787 destitu-

1190 1822 1345 1854 antur:
1384 1822 1482 1869 quae
1496 1806 1754 1852 audivimus
1775 1843 1788 1861 ‚
1819 1815 2035 1867 repetunt

1185 1872 1278 1920 fine
1308 1887 1421 1917 voce
1445 1908 1458 1928 ‚
1496 1886 1594 1933 quae
1616 1869 1816 1917 vidimus
1842 1907 1855 1927 ‚
1898 1885 2038 1916 mon-

1187 1935 1328 1984 strant
1352 1935 1442 1984 fine
1463 1937 1586 1983 luce:
1626 1935 1715 1983 fine
1737 1937 1852 1982 luxu
1871 1934 2034 1982 convi-

1184 2004 1260 2048 via
1286 2002 1503 2049 exhibent
1520 2039 1534 2058 ‚
1568 2002 1687 2048 bella
1711 2000 1800 2048 sine
1817 1997 1999 2062 sumptu
2016 2036 2032 2056 ‚

1186 2065 1278 2114 fine
1300 2065 1416 2115 fastu
1431 2067 1704 2128 triumphos.
1770 2067 1821 2111 In
1833 2066 1916 2112 hac
1935 2080 2033 2112 me-

1185 2134 1342 2179 moriae
1362 2129 1560 2194 specula,
1599 2146 1718 2193 quos
1734 2129 1856 2186 vidi,
1894 2130 2032 2177 video

1185 2200 1364 2244 colores
1395 2234 1407 2252 ‚
1446 2197 1496 2245 &
1514 2193 1714 2242 discerno
1740 2196 1785 2240 in
1812 2196 2031 2242 tenebris:

1187 2263 1409 2309 clamores
1422 2263 1689 2308 Stentoreos
1710 2260 1754 2306 in
1767 2259 1944 2306 silentio
1964 2276 2010 2307 ar
2020 2289 2035 2298 -

1183 2329 1363 2379 bitror;
1418 2322 1537 2373 le&a
1563 2327 1717 2386 relego
1746 2323 1836 2371 fine
1866 2325 1990 2372 libris
2015 2362 2032 2382 ‚

1186 2388 1308 2439 dieta
1325 2402 1486 2453 repeto
1507 2428 1519 2446 ,
1559 2388 1815 2452 quiescente
1837 2390 1992 2452 lingufi
2016 2407 2028 2438 ε

1187 2472 1306 2503 nunc
1326 2456 1501 2504 advoco
1521 2453 1722 2501 absentes
1744 2455 1913 2502 amicos
1934 2492 1947 2512 ,
1979 2458 2032 2506 &

1188 2537 1300 2568 mox
1315 2521 1366 2569 ut
1380 2517 1612 2583 praesentes
1627 2517 1668 2566 se
1683 2517 1860 2566 sistunt:
1910 2536 2031 2568 nunc

1187 2584 1645 2640 resuscitomortuos‚
1673 2600 1785 2630 mox
1802 2581 2029 2635 adsuntin
2061 2607 2075 2622 =

1188 2654 1282 2699 vivi
1297 2668 1307 2700 :
1321 2652 1621 2700 illosintueor
1629 2648 1718 2699 fine
1727 2650 1872 2698 oculis
1885 2665 1895 2696 ε
1910 2647 2035 2698 allo-5

1910 2728 2031 2778 quot
