2294 2933
43 329 179 379 men.
204 330 232 372 l.
268 312 474 378 poscunt.

43 415 68 442 ι.
93 412 127 442 c.
158 410 227 450 ις.
268 382 603 443 tarumRegem
623 418 638 436 ,
674 394 725 428 ut
749 382 1111 443 auraepopulasjs

926 69 1102 130 Oedipus
1117 99 1124 115 2
1150 67 1347 129 Phystcus.

269 193 399 247 getes
410 181 599 245 eandem
612 181 774 229 mereri
788 177 928 231 fidem
938 222 953 241 ,
974 190 1115 248 quam

270 265 414 298 aureae
426 252 669 296 Po'e'tarum
684 249 926 308 grandines
940 250 1015 298 sibi
1026 251 1115 304 ,de-

566 312 706 363 Certe
726 315 981 362 Luernium
1004 316 1113 364 Cel-

262 443 448 494 meffem
462 447 699 507 colligeret
712 483 724 501 ,
750 445 886 492 rheda
900 461 980 507 per
993 448 1107 494 Sub-

261 512 469 559 ditorum
496 526 628 573 agros
646 508 880 558 investum
904 548 918 566 ,
954 528 1003 558 ac
1027 513 1109 558 aii-

258 590 379 641 quot
391 579 504 632 auri,
524 574 987 640 argentiquemodios
1001 592 1109 639 pro·

260 641 720 704 leminasselegimus:
747 656 931 688 auream
951 653 1107 689 tamen

259 705 459 771 segetem
480 705 737 755 succrevisse
755 723 848 754 non
867 709 1068 770 leg'mus
1089 742 1104 763 ,

256 789 409 837 neque
433 773 658 820 credimus
685 790 695 820 :
731 773 859 835 quod
885 772 914 820 si
935 773 982 819 id
1011 789 1105 820 cre-

256 838 335 886 dat
350 840 643 886 Democritus
657 838 824 900 aliquis
838 875 849 893 ,
876 839 952 884 vel
966 840 1105 886 Cam·

254 904 438 967 panella
456 941 469 961 ‚
507 903 628 950 haud
649 905 733 950 erit
757 900 954 965 amplius
981 901 1102 949 diffi-

252 972 398 1017 cultas
432 1006 445 1025 ‚
481 983 532 1016 ut
560 968 636 1016 fibi
656 965 952 1031 persuadeant
977 967 1098 1017 Cad-

252 1049 406 1084 meam
424 1032 608 1081 messem
630 1071 643 1090 ‚
682 1048 780 1096 quae
803 1049 862 1079 ex
883 1030 1003 1080 offea
1028 1034 1098 1079 vi—

250 1115 495 1163 pereorum
534 1100 743 1146 dentium
786 1095 986 1145 semente
1027 1115 1099 1145 ar-

249 1180 395 1214 matas
416 1167 661 1214 hominum
680 1164 792 1211 stitit
815 1166 1064 1227 Phalanges
1080 1202 1095 1221 ‚

249 1245 441 1284 canente
465 1230 643 1279 Ovidio
665 1246 674 1274 :

590 1298 722 1342 Glebae
739 1311 881 1357 coepere
906 1298 1065 1340 moveri
1084 1311 1095 1339 .·

248 1365 472 1424 Prima'que
490 1365 538 1409 de
550 1361 674 1423 fielcis
694 1367 796 1407 astes
814 1364 1000 1423 apparuit
1021 1362 1110 1421 ha-¹

612 1428 719 1488 stac:

251 1496 445 1557 Tegmina
463 1509 553 1540 mox
573 1496 747 1555 capitum
767 1521 782 1548 ,
815 1493 917 1554 pisto
939 1504 1089 1536 nutan-

557 1573 616 1604 tta
647 1574 738 1603 60170
764 1573 775 1602 .”

245 1633 367 1673 Mox
388 1626 539 1670 humeri
563 1654 579 1679 9
613 1622 824 1685 petitisque
844 1651 861 1677 ³
897 1620 1089 1667 onerata‘-

464 1707 538 1750 que
559 1690 717 1733 brachia
744 1690 833 1732 telis
849 1715 866 1742 ,

246 1757 474 1817 Existrunm
519 1754 732 1814 crescitque
764 1752 878 1813 seges
917 1754 1090 1811 clypeata

565 1837 614 1865 ‘L‘t
619 1836 658 1864 7'0
665 1835 709 1864 ru
713 1834 750 1863 m
756 1851 767 1862 0

309 1886 519 1933 LEUC.
587 1884 632 1931 Si
662 1878 891 1945 ejusmodi
920 1879 1087 1942 Sophis

242 1951 490 1999 abundaret
504 1951 758 2011 Peripatus‚
790 1961 884 1994 non
902 1946 1088 1992 haberet

238 2018 411 2081 Sphinx
432 2011 742 2077 Philosophica
757 2051 769 2069 ‚
795 2027 872 2059 cur
886 2007 1087 2058 monstra

239 2100 295 2130 ex
332 2085 489 2133 Africae
517 2078 683 2143 spelaeis
709 2081 797 2126 huc
826 2077 1082 2124 advocaret.

238 2156 510 2215 Superarent
531 2146 688 2193 omnia
710 2142 913 2192 monstra
935 2144 980 2189 hi
1000 2143 1084 2188 So-

237 2218 317 2281 phi
341 2254 353 2273 ,
389 2217 498 2279 quia
530 2212 757 2274 Philofhphi
784 2212 1042 2257 irrationales
1063 2238 1080 2263 ‚

239 2287 289 2333 &
311 2285 357 2329 in
383 2283 571 2343 Peripato
596 2282 743 2324 Poie'tae.
859 2273 949 2325 Sed
974 2286 1079 2321 cum

236 2346 417 2398 Nasone
451 2344 507 2392 ad
532 2346 732 2392 Pontum
777 2341 864 2389 hos
903 2340 1079 2400 relega-

236 2430 341 2463 mus
352 2407 662 2472 Morosophos
674 2445 688 2465 ‚
717 2418 769 2454 ut
788 2404 887 2454 suas
907 2403 1078 2452 ibidem

237 2487 494 2541 excoquant
516 2469 916 2536 Metamorphoses
940 2486 950 2517 :
992 2486 1079 2516 no-

235 2548 380 2599 bisin
409 2544 498 2589 hoc
525 2541 665 2588 Orbis
691 2539 894 2588 Theatro
925 2537 1077 2583 verio-

235 2628 283 2659 ra
338 2605 541 2657 monstra
593 2605 825 2665 exhibebit
883 2607 1074 2652 Natura.

234 2681 393 2726 MEL.
437 2670 646 2722 Abunde.
682 2675 852 2721 Aerem
886 2667 1075 2732 suspice,

1920 77 2010 129 385

1170 187 1220 237 &
1252 184 1432 234 videbis
1481 186 1670 234 volucre
1702 198 1968 250 portentum
1994 222 2010 246 ,

1168 251 1297 315 quod
1308 289 1321 308 ‚
1343 265 1464 300 anno
1475 249 1500 298 a
1515 264 1717 314 reparata
1732 254 1888 302 Salute
1906 256 2012 302 mil-

1168 317 1326 365 lefimo

1161 594 1223 625 no
1240 618 1250 633 ,
1285 578 1426 625 cauda
1439 581 1483 625 in
1497 579 1614 626 duos
1631 580 1775 626 veluti
1789 573 2011 626 ensesdis·

1161 641 1275 691 secia
1290 682 1302 700 ,
1340 660 1389 690 ac
1414 641 1599 707 petitore
1623 646 1818 691 loricato
1839 641 2008 706 specsta-

1160 710 1266 756 bile.
1324 712 1374 756 In
1393 724 1561 773 aquam
1586 711 1747 757 oculos
1766 710 2007 773 demerge,

1160 775 1210 824 Bc
1236 777 1280 822 in
1298 774 1490 822 flumine
1513 774 1690 823 Vistula
1715 772 1915 838 stupebis
1935 776 2007 838 pi-

1161 838 1274 888 scem
1301 876 1323 897 ,7
1380 852 1569 903 captum
1609 854 1728 887 anno
1759 839 2004 888 millesimo

1160 904 1481 953 sexcentesimo
1503 905 1722 968 vigesimo
1736 907 1871 954 tertio
1886 943 1898 962 ‚
1924 907 2005 969 qui

1152 983 1291 1032 caput
1345 968 1480 1018 instar
1535 971 1737 1018 hominis
1788 984 2003 1019 carneum

1154 1034 1411 1083 ostentabat
1427 1072 1441 1093 ,
1477 1036 1669 1083 'caudam
1693 1032 1717 1083 ὲ
1737 1035 1873 1084 dorso
1897 1052 2006 1099 pro-

1153 1102 1332 1163 jiciebat
1347 1099 1481 1149 instar
1494 1104 1741 1158 Draconis,
1767 1116 1861 1148 uno
1885 1100 2003 1164 pede

1155 1167 1404 1229 Aquilam,
1441 1168 1587 1214 altero
1616 1168 1821 1214 Leonem
1849 1169 2004 1215 imita—

1153 1234 1302 1278 batur.
1418 1234 1608 1280 Terram
1642 1230 1817 1280 curioso
1861 1233 2001 1279 oculo

1153 1295 1313 1352 lustra,
1346 1298 1395 1345 ὃ(
1420 1294 1751 1345 sexcentamox
1763 1307 2003 1344 occurrent

1152 1365 1336 1410 Naturae
1363 1363 1587 1425 prodigia.
1658 1363 1786 1429 Qid
1814 1363 2000 1410 mirabi-

1148 1429 1238 1476 lius
1261 1466 1273 1483 ,
1309 1427 1446 1490 quam
1474 1432 1816 1479 Vitulo-tervus?
1852 1430 1901 1478 &
1927 1440 1996 1475 ta-

1145 1508 1253 1541 men
1286 1492 1517 1556 ejusmodi
1551 1494 1717 1541 animal
1744 1532 1756 1550 ,
1792 1494 1996 1541 vitulino

1144 1574 1337 1621 corpore
1355 1595 1367 1614 ‚
1402 1575 1452 1606 ac
1467 1558 1661 1621 pedibus
1681 1560 1871 1606 cervinis
1895 1560 1993 1608 Ro-

1146 1638 1229 1671 mae
1258 1619 1551 1686 speetandum
1584 1624 1712 1672 dedit
1738 1630 1897 1673 Annus
1924 1621 1996 1671 su-

1146 1705 1225 1752 pra
1273 1687 1567 1737 minefimum
1621 1686 1993 1738 sexcentesimum

1145 1752 1548 1817 quinquagesimus
1589 1767 1795 1818 quartus.
1861 1754 1992 1822 Qid

1144 1819 1417 1882 stupendum
1445 1819 1592 1883 magis
1621 1857 1634 1877 ,
1691 1818 1832 1884 quam
1863 1826 1990 1881 Pyrus

1138 1903 1331 1949 puerpera
1354 1894 1370 1931 ?
1405 1887 1456 1934 &
1477 1896 1631 1933 tamen
1655 1889 1799 1948 Pyrus
1826 1884 1989 1948 hujus—

1141 1951 1303 2006 modi,
1337 1947 1541 1998 fruffi'tum
1564 1952 1780 1999 notabilis
1809 1951 1988 2014 magni-

1142 2016 1312 2063 tudinis
1327 2054 1339 2072 ,
1363 2015 1561 2064 humana
1574 2015 1688 2064 facie
1701 2015 1985 2080 insignitum,

1142 2083 1275 2128 enixa
1302 2119 1315 2136 ‚
1357 2081 1626 2145 Stutgardiae
1665 2086 1802 2131 Anno
1844 2091 1983 2144 1644.

1139 2143 1452 2194 Sereniffimos
1491 2149 1631 2195 etiam
1666 2147 1828 2195 oculos
1863 2150 1908 2195 in
1942 2144 1984 2195 se

1137 2213 1378 2259 convertit.
1437 2211 1526 2261 Sed
1550 2215 1600 2263 &
1617 2212 1786 2261 Plinius
1808 2211 1984 2270 scribit,

1136 2274 1292 2324 vidiffe
1316 2273 1357 2324 se
1379 2279 1588 2326 arborem
1605 2280 1735 2341 juxta
1764 2280 1982 2328 Tiburtes

1134 2343 1313 2391 Tullias
1338 2379 1352 2399 ‚
1388 2344 1515 2390 omni
1542 2359 1707 2407 genere
1729 2356 1982 2407 pomorum

1134 2406 1372 2467 onustam3
1407 2409 1499 2457 alio
1511 2424 1640 2457 ramo
1651 2411 1839 2458 nucibus
1851 2446 1864 2467 ,
1885 2410 1979 2457 alio

1133 2473 1301 2529 baccis,
1320 2474 1413 2521 alio
1424 2476 1539 2531 vite,
1568 2472 1680 2532 fic0,
1716 2490 1834 2538 pyro
1853 2512 1865 2532 ,
1891 2491 1979 2538 po-

1133 2535 1416 2602 morumque
1427 2539 1609 2587 diversis
1622 2543 1863 2604 generibus
1876 2556 1980 2603 gra-

1133 2603 1304 2652 vidam.
1376 2603 1578 2652 Imoest
1598 2607 1730 2655 nobis
1750 2607 1932 2655 Author
1950 2604 1978 2653 a

1130 2672 1298 2726 Porta,
1341 2667 1581 2720 visamase
1602 2673 1838 2730 arborem,
1875 2683 1976 2733 quae

1197 2737 1238 2784 C
1257 2750 1281 2783 c
1296 2750 1320 2783 c
1879 2748 1977 2785 non

1406 314 1724 365 sexcentesimo
1793 319 2010 382 vigesimo
2014 334 2215 375 Mercur.

1166 379 1364 439 οᾶεινο,
1398 384 1444 430 in
1462 380 1676 446 Hispania
1687 383 1853 446 glande
1879 386 2011 445 traje—
2023 399 2160 440 Germ,

1163 445 1292 495 &um
1313 449 1550 511 perhibent
1570 484 1585 504 ,
1629 450 1675 495 in
1698 449 1849 496 fronte
1871 451 2008 495 oculo
2022 462 2227 507 Valentini

1160 514 1370 561 humano
1384 551 1397 569 ,
1421 515 1590 576 capite,
1613 514 1859 576 &mugitu
1876 515 2008 560 bovi·-
2019 523 2201 584 Pistoris,
