2294 2933
29 1281 40 1292 .
58 1245 136 1304 64.

23 1313 71 1358 ⁶.

470 66 479 91 ⁸
859 65 1005 119 Mani
1035 65 1234 136 remma.

210 188 336 251 pebis
361 185 609 242 orationes³
643 185 871 234 hicmeras
883 188 1052 236 mentis

207 251 530 315 evagatione93
585 251 825 300 indevotae
858 249 943 300 effe
973 251 1054 300 de-

209 320 449 371 votiones,
504 318 716 364 exercitia
754 314 933 381 spiritus
961 317 1052 365 sine

208 378 388 445 spiritu,
420 378 573 429 salutis
592 386 801 445 negotia,
823 383 940 430 otia:
975 387 1051 430 en!

188 448 468 507 -minutiffima
487 461 669 509 quaeque.
743 448 936 497 Auditas
956 462 1052 493 cer-

205 527 287 559 nes
300 525 371 559 tot
379 509 591 574 ‚exegeses
607 509 743 560 sacras
755 551 766 569 ‚
796 511 870 559 sed
883 511 1050 559 sineat-

207 578 438 635 tentione3
479 580 693 640 repetitas
713 577 1050 638 exhomologe-

206 638 270 689 ses
293 640 366 689 sed
398 642 488 689 fine
505 642 738 705 proposito
755 679 769 697 ‚
807 644 857 690 &
877 656 1049 688 *emen-

203 707 390 754 datione
415 723 428 765 3
472 709 785 770 frequentatas
811 709 1016 769 Synaxes
1034 743 1046 762 ,

203 769 278 820 sed
291 772 378 821 sine
400 768 575 828 fruetu,
598 770 931 821 &devotione:
958 786 1046 817 m:-

202 837 289 886 lum
310 854 366 885 ex
389 838 572 902 qualibet
604 837 778 895 iiaefeffu.
868 838 1046 885 Verbo:

202 903 379 950 videbis
399 919 538 964 opera
559 903 736 965 optima
763 941 774 958 ,
827 899 1046 965 pess'ima3

204 970 311 1031 quia
328 965 508 1030 peraeia
527 984 582 1014 ex
601 966 942 1023 consuetudine,
968 984 1049 1014 ne-

202 1031 418 1090 cestitate,
433 1034 550 1080 inani
563 1033 834 1089 curiositate,
849 1035 922 1081 vel
937 1032 1050 1083 vana}

182 1098 369 1162 gloria:
403 1115 451 1146 en
474 1099 734 1153 mz'nutzs'stma
764 1115 952 1162 quaque,
970 1097 1051 1145 de-

203 1163 398 1227 tegenda
408 1164 463 1212 ad
480 1164 622 1213 Ocu-li
633 1166 793 1212 Divini
801 1164 1048 1221 lucernam,

206 1231 254 1277 in
281 1232 408 1293 cujus
437 1232 540 1278 luce
557 1267 571 1286 ‚
612 1234 723 1297 quafi
749 1244 908 1292 pannus
935 1246 1049 1278 men·

195 1295 363 1355 struatae
434 1296 632 1353 universe
655 1296 833 1359 justitia
888 1297 1049 1352 nostre.

179 1360 335 1427 vQuid
369 1365 463 1426 jam
495 1361 644 1410 dicam
679 1361 737 1409 de
763 1362 1047 1425 gravioribus

199 1428 390 1475 maculis
410 1466 422 1484 ‚
444 1443 542 1491 quae
560 1443 724 1491 opera,
752 1444 848 1475 non
883 1427 963 1475 nifi
994 1425 1051 1473 ad

199 1489 392 1554 speeiem
417 1495 537 1540 bona
558 1530 571 1548 ‚
625 1495 752 1540 omni
779 1493 943 1540 decore
959 1494 1052 1555 pri-

203 1570 316 1605 vant
329 1597 342 1614 ,
371 1562 422 1608 &
440 1556 605 1621 specie?
643 1574 741 1620 quae
753 1560 815 1605 nil
831 1556 1051 1614 al-{udmifi

172 1657 176 1659 »
203 1622 476 1686 hypocrisis,
509 1636 831 1686 tegumentum
850 1625 1050 1679 malitiae,

204 1691 469 1737 ambitionis
483 1690 837 1736 irritamentum?
849 1703 1052 1752 quorum

204 1751 388 1810 ususmil
404 1754 482 1801 nifi
496 1751 655 1801 abusus
683 1751 920 1817 sacrilegus
942 1792 953 1810 ,
975 1755 1054 1816 qui

206 1820 509 1867 abundantius
533 1818 638 1881 post
661 1817 704 1867 se
736 1821 874 1867 trahit
891 1819 1055 1882 judici-

204 1899 312 1941 um,
347 1882 669 1947 majoremque
700 1898 949 1948 extorquet
973 1884 1055 1931 da-

202 1952 527 1997 mnationem?
573 1950 693 1997 Illud
726 1951 800 1998 hic
834 1952 978 1997 celare
1005 1962 1051 1997 te

182 2016 375 2071 nolim,
411 2013 571 2076 quod,
609 2015 699 2063 fine
723 2017 891 2062 mentis
927 2028 1051 2062 atto-

202 2082 307 2127 nitae
350 2078 512 2136 extasi,
546 2096 784 2142 nunquam
812 2081 923 2127 mihi
952 2095 1051 2126 me-

201 2147 350 2192 moria
360 2142 570 2208 suggerit.
640 2147 982 2194 DeVenerabili
1000 2148 1047 2193 P.

204 2208 460 2260 Baithasare
507 2211 704 2258 Alvarez
753 2211 939 2259 tradunt
972 2227 1051 2257 an-

182 2310 184 2313 >
204 2277 330 2322 nales
342 2273 506 2331 nostri,
529 2274 660 2338 quod
680 2277 772 2333 illi,
805 2279 850 2323 in
868 2274 1052 2338 symbo-

205 2341 296 2387 lico
323 2338 547 2387 schemate
565 2379 578 2396 ,
613 2338 688 2388 sua
708 2341 947 2403 quondam
981 2357 1052 2388 re-

205 2401 466 2468 praesentata
490 2403 714 2454 div-{mitiis
744 2403 897 2470 opera.
965 2405 1053 2456 Sed

205 2481 454 2531 antequam
495 2472 550 2516 ab
570 2472 770 2533 imagine
795 2473 953 2520 velum
981 2488 1052 2519 re-

181 2571 186 2575 ·
205 2549 442 2590 moveam,
465 2533 682 2597 praenosse
694 2550 738 2583 te
747 2539 903 2599 iuvat,
935 2537 1055 2584 hunc

206 2600 444 2647 hominem
464 2637 477 2655 ,
496 2598 538 2650 vfi
582 2614 738 2648 tamen
780 2603 1019 2649 hominem
1039 2638 1052 2658 ‚

212 2665 264 2716 ὃ(
283 2680 377 2714 non
392 2661 551 2730 potius
584 2668 840 2732 Angelum,
866 2668 1054 2733 plebeiae

1854 81 1945 132 ¹75

1105 185 1378 250 neutiquam
1393 180 1523 234 fuiffe
1540 184 1740 244 virtutss,
1779 184 1853 236 sed
1870 189 1954 237 he-

1105 254 1235 300 roicae
1261 250 1380 299 adeo
1399 288 1412 306 ,
1449 261 1502 298 ut
1521 253 1756 300 revelante
1775 255 1922 302 Coelo
1935 292 1951 312 ,

1107 318 1187 363 vix
1207 313 1502 370 sanffiorem,
1542 328 1650 363 tunc
1683 321 1904 380 temporis
1933 357 1948 376 ‚

1105 383 1313 430 habuerit
1347 380 1626 430 Christianus
1648 382 1804 430 Orbis.
1892 387 1950 432 Et

1107 447 1235 510 quod
1247 458 1298 494 tu
1311 447 1403 500 iam
1416 444 1677 507 symbolum
1689 445 1921 511 exspeeias
1934 451 1952 497 ?

1105 511 1239 567 vide,
1269 514 1320 560 &
1347 509 1628 575 obstupesce:
1672 516 1840 563 Botrus
1862 513 1951 571 est,

1104 577 1232 638 cujus
1251 577 1470 639 pleraque
1479 594 1615 641 grana
1628 615 1641 635 ‚
1667 580 1740 626 vei
1753 579 1953 642 putrida,

1104 642 1178 688 vel
1192 643 1436 688 immatura
1454 680 1465 698 ‚
1488 643 1610 699 sicca,
1638 645 1712 691 vel
1728 646 1950 702 abortiva,

1102 719 1155 753 ut
1172 701 1288 768 pene
1311 707 1497 754 botrum
1517 709 1561 754 in
1578 710 1715 756 botro
1732 713 1951 773 requiras,

1102 786 1186 818 nec
1208 770 1444 819 immerito
1469 773 1585 820 hane
1601 775 1670 821 illi
1700 775 1839 824 addas
1857 777 1954 840 epi-

1105 836 1329 900 graphen:
1354 838 1734 897 exspetiaviuvas,
1768 842 1825 899 ξς
1834 846 1953 889 ecce!

1105 904 1326 954 labruscas.
1376 904 1564 951 DEUM
1599 905 1913 954 immortalem
1937 903 1949 952 2

1105 965 1136 1014 si
1153 968 1299 1014 haecin
1317 968 1474 1023 viridi,
1508 970 1620 1032 quid
1640 973 1723 1019 erit
1743 975 1786 1019 in
1799 973 1955 1020 arido?

1106 1030 1254 1080 nilhic
1274 1049 1392 1095 opus
1418 1031 1483 1080 est
1516 1034 1699 1084 addere:
1750 1035 1958 1086 Philoso-

1088 1099 1223 1161 phus
1249 1115 1300 1145 es
1320 1099 1584 1147 Leucothoe
1603 1139 1616 1157 ‚
1672 1106 1722 1151 &
1747 1105 1958 1166 ignorare

1104 1164 1269 1226 nequis
1293 1164 1512 1226 arquendi
1532 1167 1809 1216 methodum
1824 1169 1959 1216 afor-

1105 1230 1226 1277 tiori.
1292 1230 1412 1277 Idex
1426 1244 1472 1277 te
1491 1247 1668 1293 quaero,
1689 1234 1818 1297 quod
1837 1234 1894 1282 de
1905 1250 1960 1281 o-

1104 1296 1286 1357 peribus
1327 1296 1418 1343 tuis
1452 1300 1536 1345 erit
1564 1298 1786 1359 judicium
1807 1303 1852 1347 in
1873 1301 1958 1347 iilo

1104 1359 1312 1422 judicio?
1354 1358 1570 1409 ulterius:
1600 1368 1634 1429 fi
1663 1367 1743 1414 lux
1770 1371 1811 1414 in
1841 1366 1959 1414 nobis

1101 1429 1195 1486 sant
1212 1426 1408 1483 tenebrae,
1427 1428 1601 1476 tenebre
1613 1440 1776 1493 quante
1803 1431 1957 1483 erunt?

1106 1492 1226 1553 capis
1251 1529 1263 1547 ,
1284 1490 1335 1538 ni
1367 1492 1530 1549 fallor,
1585 1496 1702 1543 iliud
1718 1496 1958 1553 Bernardi,

1107 1559 1204 1604 imo
1218 1559 1525 1605 nonBernardi
1538 1597 1551 1614 ‚
1582 1557 1656 1608 sed
1673 1564 1893 1610 Veritatis
1913 1565 1958 1609 in

1105 1622 1334 1670 Bernardo
1361 1626 1647 1675 vaticinantis
1679 1627 1956 1676 Graculum:

1110 1689 1336 1736 verendum
1347 1690 1423 1749 ιβ,
1446 1692 1573 1751 nesab
1589 1702 1674 1740 tam
1692 1695 1832 1751 subtili
1851 1710 1951 1743 exa·
1974 1684 2100 1755 {serm-
2117 1695 2194 1746 54·
2225 1709 2246 1723 “

1109 1757 1218 1802 mine
1239 1753 1527 1815 multaenofirae
1537 1759 1741 1824 (fustan,
1765 1773 1852 1824 que
1876 1771 1932 1824 pu
1975 1760 2017 1793 m
2036 1751 2160 1800 Cant.

1109 1817 1310 1868 tabentia·
1336 1858 1344 1867 .
1369 1831 1537 1869 veccora
1563 1836 1809 1887 appareant.

1186 1885 1400 1933 LEUC:
1455 1888 1560 1936 Alia
1589 1904 1755 1953 nempe
1788 1890 1956 1953 judicia

1106 1951 1236 2004 DEI,
1272 1951 1358 1997 alia
1376 1951 1636 2001 hominum.
1738 1959 1781 2005 Si
1800 1955 1955 2019 Justus

1107 2017 1185 2062 vix
1201 2013 1465 2073 salvabitur,
1492 2033 1702 2081 peccator
1725 2023 1806 2068 ubi
1826 2015 1956 2084 pare-

1105 2082 1171 2128 bit
1196 2083 1211 2127 ?
1248 2081 1341 2127 haec
1360 2117 1372 2137 ,
1407 2084 1566 2141 credo,
1615 2083 1718 2134 sunt
1745 2089 1823 2134 illa
1850 2104 1955 2151 pec-

1107 2158 1205 2192 eata
1222 2183 1236 2202 ‚
1275 2161 1374 2208 quae
1384 2147 1651 2198 formidavit
1663 2152 1956 2216 RegiusPsal—

1108 2211 1310 2268 tes‚dum
1334 2211 1497 2261 dixit:
1548 2215 1601 2263 ab
1635 2228 1802 2264 occultis
1837 2235 1954 2268 mune

1106 2275 1160 2322 da
1188 2292 1251 2323 me
1274 2284 1470 2329 Domine.
1566 2290 1687 2330 MEL
1711 2299 1722 2328 z
1764 2286 1833 2331 Ita
1862 2283 1952 2344 est3

1106 2341 1199 2388 haec
1227 2341 1521 2402 formidavit,
1547 2362 1642 2395 non
1662 2361 1817 2396 tamen
1834 2347 1952 2398 sola:

1106 2403 1307 2470 namque
1341 2406 1440 2457 sunt
1471 2413 1559 2459 alia
1593 2415 1741 2476 magis
1789 2417 1956 2463 timen-

1107 2471 1188 2529 da,
1231 2476 1338 2536 quia
1371 2472 1516 2539 magis
1551 2481 1745 2526 occulta.
1816 2482 1952 2528 Dixi:

1111 2539 1325 2586 terribilis
1357 2556 1445 2587 nos
1474 2556 1629 2590 manet
1673 2542 1954 2607 exspecstatio

1110 2602 1317 2665 quaedam
1333 2605 1488 2667 judicii
1501 2645 1514 2663 ‚
1552 2624 1739 2671 propter
1755 2625 1953 2672 peccata,

1101 2684 1208 2734 unae
1247 2670 1543 2734 ignoramus:
1605 2676 1718 2724 volo
1780 2674 1954 2733 dicere,

1764 2754 1954 2805 propter
