2294 2933
869 90 990 142 ctrce.
1001 89 1006 92 ’
1019 85 1319 156 Philbfispbt‘ca.

261 213 310 259 ni
331 241 346 267 ,
378 207 697 271 daemom'sque
721 207 888 256 asseclis
911 207 1110 257 Virtus?

259 275 499 322 credebam
532 272 751 321 hactenus
789 311 802 329 ‚
868 276 913 320 D
933 276 968 321 E
987 275 1033 321 U
1054 275 1110 321 M

259 339 430 388 merite>
443 341 711 402 proclamari
727 340 861 386 illum
876 376 888 395 ‚
912 339 986 391 cui
1003 354 1106 386 ven-

260 419 318 459 ει,
356 408 410 462 ἒς
442 421 555 451 mare
590 405 800 454 suediam.
916 410 1107 452 Mel„-

256 470 526 518 Umbonem
550 471 671 516 hunc
688 507 700 525 ,
757 467 933 532 pridem
951 478 1107 530 pertu-

257 531 356 599 sum
384 573 398 591 ,
451 537 531 582 tibi
569 537 611 582 in
649 550 809 581 manus
842 532 919 579 dat
945 533 1106 582 Calca-

255 604 422 665 gninus
448 617 458 646 ε
504 600 647 647 credis
679 600 767 646 hoc
795 596 965 644 meriti)
985 634 999 654 ,
1054 599 1106 647 &

257 669 360 730 quis
394 678 530 730 negat
557 667 573 713 ?
604 664 729 719 dixi,
764 662 858 710 fieri
896 662 975 709 ista
1009 678 1104 709 non

253 730 403 795 poffe,
435 731 514 778 nili
533 729 716 792 quando
735 725 1104 775 ditlimulatNu-

253 813 362 844 men
383 834 399 853 ,
430 812 512 843 nec
529 796 694 842 fortior
719 796 893 841 Natura
913 805 1102 840 conatus

251 862 472 909 daemonis
483 859 685 907 retundit
708 896 720 914 ,
753 875 810 906 ne
830 855 978 906 activa
998 895 1010 914 ‚
1048 855 1103 905 ut

253 930 407 989 ajunt,
431 921 613 988 paffivis
633 925 864 972 adhibeat:
902 918 1103 986 cumque

256 1002 669 1054 temperamentum
688 990 870 1052 frigoris
888 1027 900 1045 ‚
956 991 1006 1037 &
1031 1003 1104 1034 ca-

249 1060 362 1108 loris
381 1094 393 1112 ,
442 1072 539 1119 quo
582 1056 788 1103 ineteora
834 1052 1103 1117 hujusmodi

249 1121 457 1182 constant
490 1159 507 1180 ,ἡ
554 1116 731 1183 optime
757 1121 883 1166 ndrit
913 1156 926 1175 ,
989 1117 1102 1181 quid

249 1187 502 1253 prohibet,
549 1202 607 1233 ne
642 1185 770 1248 quod
795 1184 1027 1232 ordinario
1055 1199 1104 1230 a-

249 1254 461 1318 gentium
487 1249 703 1298 concurl'u
729 1248 859 1297 fieret
888 1287 902 1305 ,
951 1260 1104 1296 extra-

252 1317 479 1366 ordinaria
505 1316 759 1363 eorundem
791 1314 1103 1377 compu'lfione

254 1382 452 1431 efficiat?
486 1377 633 1438 cer-te,
673 1380 1103 1443 a.s1cignede(]oe-

253 1451 309 1496 lis
328 1449 472 1495 allato
487 1443 730 1509 combuffit
744 1448 846 1509 jobi
867 1449 1032 1494 Servos
1052 1446 1104 1493 &

213 1572 224 1581 „
251 1521 445 1577 pecora‘:
503 1511 559 1559 sic
590 1525 733 1559 vento
763 1511 918 1559 valido
942 1512 1103 1557 convi-

254 1590 413 1626 vantes
424 1575 658 1640 oppressit.
686 1579 757 1625 Sic
770 1574 960 1623 immiffa
971 1591 1104 1639 gran-

183 1679 189 1684 ·
252 1644 359 1692 dine
385 1643 574 1690 vertar-'it
591 1643 872 1705 AEgyptios:
910 1641 965 1689 fic
992 1639 1104 1688 teste

252 1712 576 1771 Hieronymo,
627 1710 677 1756 &
703 1705 959 1769 Augustino
983 1704 1103 1753 stan-

250 1788 321 1823 tes
333 1776 378 1820 in
397 1786 523 1821 terrae
533 1771 981 1835 angulis,impedient
991 1786 1104 1818 ven-

254 1852 327 1887 tos
347 1876 360 1895 ,
412 1839 615 1885 maxima
640 1839 912 1885 mortalibus
933 1836 1103 1883 illaturi

157 1933 169 1948 .
223 1935 231 1946 ·
254 1903 659 1952 tuncdetrimenta.
731 1909 793 1952 At
809 1897 950 1966 longe
973 1903 1104 1949 aliter

162 1999 172 2011 .
219 2000 231 2014 .
253 1971 414 2018 DEUS
435 1985 445 2015 ε
497 1970 535 2015 is
561 1970 685 2015 enim
713 1969 855 2014 verbo
879 2004 892 2024 ‚
940 1969 992 2016 &
1017 1982 1104 2013 vo-

146 2032 154 2041 '
253 2036 431 2083 luntate
448 2047 673 2081 creaturas
692 2031 922 2097 disponit,
973 2027 1106 2079 cr'im-

254 2116 344 2164 que
361 2100 545 2163 fulgura
575 2112 711 2161 vocat
728 2136 740 2156 ,
797 2100 847 2148 &
873 2098 1069 2145 fulmina
1089 2134 1103 2154 ‚

193 2189 208 2196 -
255 2164 723 2213 veniuntclamantia:
751 2164 947 2223 adsemws⁴
978 2161 1104 2212 Cum

171 2262 181 2277 .
252 2246 377 2279 mare
399 2233 627 2293 increpat,
661 2226 829 2277 fluc'tus
848 2228 1069 2275 obediunt
1089 2265 1103 2285 ‚

254 2298 304 2346 &
324 2294 641 2344 conticescunt.
717 2297 816 2343 Nec
838 2294 1028 2341 illorum
1049 2309 1103 2340 o-

195 2393 206 2405 .
251 2361 378 2424 pinio
393 2359 578 2424 penitus
603 2357 807 2424 displicet
824 2397 837 2416 ,
892 2359 972 2422 qui
998 2374 1102 2406 cen-

251 2425 378 2482 sent,
415 2442 510 2473 non
525 2442 688 2473 omnes
708 2422 1026 2487 tempestates,
1049 2425 1100 2475 &

251 2503 417 2603 vetffs
448 2506 537 2552 ope
555 2491 775 2538 daemonis
804 2491 945 2545 oriri,
993 2500 1100 2536 utut

248 2573 328 2620 per
382 2553 629 2603 a‘liffimaid
641 2568 774 2618 putet
785 2558 1002 2618 Sagarum
1021 2569 1099 2601 co-

250 2624 358 2668 hors
381 2638 390 2667 :
439 2636 546 2666 nam
570 2620 756 2683 quando
780 2637 838 2668 ex
869 2619 1100 2666 ordinario

252 2689 437 2736 Naturae
460 2682 588 2735 cursu
606 2684 925 2751 tempestatem
941 2686 1103 2752 praevi-

1919 96 2022 146 281·

1164 204 1245 253 det
1259 203 1440 254 daemon
1457 241 1472 262 ‚
1503 203 1597 252 haec
1618 201 1912 272 suainstigare
1927 223 2016 271 po-

1164 269 1251 318 test
1270 272 1493 335 mancipia
1515 306 1529 326 ,
1577 282 1630 317 ut
1653 270 1868 321 effectum
1892 274 2015 333 hune

1163 337 1339 394 velint,
1373 335 1658 384 conditiones
1675 349 1872 400 ponant,
1909 335 2013 385 fibi-

1162 415 1254 463 que
1261 398 1580 465 persuadeant,
1610 402 1665 448 ad
1687 400 1814 449 suum
1832 402 1922 448 haec
1941 403 2011 448 fa·

1161 465 1235 515 &a
1251 480 1418 514 nutum
1429 504 1441 523 ,
1477 465 1633 527 sicque
1650 466 1762 513 dum
1775 468 1871 512 aliis
1884 467 2011 528 cupi-

1160 545 1244 578 unt
1257 532 1446 579 illudere
1466 534 1670 591 turpiter,
1691 529 1886 594 ipsaemet
1903 532 2010 578 lon-

1158 593 1217 659 ge
1233 594 1407 658 turpius
1432 595 1694 644 illudantur.

1225 663 1418 710 LEUC
1443 677 1453 706 ε
1506 662 1551 708 Si
1587 673 1713 709 tanta
1747 657 1903 724 potest
1937 661 2010 708 vis

1157 727 1332 788 magica
1361 727 1407 773 in
1423 726 1573 775 Orbes
1602 725 1834 782 coelestes,
1872 726 1923 773 ὃς
1946 726 2029 771 Ε·-

1158 792 1359 838 lementa
1382 828 1395 847 ,
1413 825 1417 828 -
1435 794 1610 853 majora
1629 793 1799 853 poterit
1817 793 1864 837 in
1884 792 2004 837 bona

1157 857 1356 903 fortunae-
1371 872 1391 902 :·
1431 860 1514 903 nec
1538 854 1645 904 ficte
1667 858 1875 904 cecinerit
1902 855 2008 906 Sul-

1156 921 1383 969 monensrs
1413 922 1517 968 olor
1539 938 1550 969 ε

1159 991 1346 1038 Carmine
1367 989 1456 1049 laesa
1483 993 1600 1036 Ceres
1616 983 1791 1044 sterilem
1820 983 2149 1044 vanestitOvid,

1449 1056 1492 1101 in
1508 1050 1678 1100 herbam
1690 1088 1703 1108 ‚

1159 1119 1366 1177 Deficiunt
1391 1116 1465 1183 leli
1483 1121 1661 1166 carmine
1680 1116 1817 1178 fontis
1847 1124 1961 1178 aquae
1984 1128 2002 1159 .-

1158 1183 1323 1235 llz'cibus
1347 1183 1522 1251 glandes
1546 1221 1561 1242 ,
1606 1177 1858 1244 σσηταιάᾳαε
1894 1180 2007 1226 viti-

1165 1249 1169 1252 ’
1480 1247 1554 1296 bus
1592 1261 1680 1296 uva

1159 1314 1361 1373 Decidit,
1417 1312 1476 1371 85
1498 1311 1612 1362 nuno
1642 1323 1771 1376 poma
1807 1314 2004 1355 movente

1503 1379 1649 1439 fluunt.

1161 1452 1283 1493 MEL
1301 1462 1314 1487 ε
1353 1440 1499 1495 Recte
1534 1444 1685 1507 arguis
1701 1479 1714 1498 ‚
1760 1441 1812 1489 &
1828 1439 2008 1485 utinam

1157 1510 1201 1557 id
1214 1526 1306 1557 non
1328 1506 1752 1572 tristiexperientii,
1782 1504 2011 1567 multipli-

1157 1578 1291 1638 cique
1308 1574 1483 1623 damn&
1499 1572 1735 1622 testaretur
1751 1571 2010 1619 humanum

1156 1656 1301 1704 genus
1323 1638 1333 1687 Ε
1373 1637 1446 1687 sed
1467 1643 1569 1703 quis
1598 1637 1750 1686 vando
1771 1645 2008 1683 enumeret

1156 1708 1416 1753 innumeras
1436 1703 1603 1768 strages
1625 1742 1637 1762 ‚
1693 1718 1807 1766 quas
1839 1700 2006 1762 impla-

1157 1772 1287 1818 cabili
1298 1770 1411 1818 odi&
1422 1772 1694 1818 mortalibus
1706 1768 1844 1815 infert
1860 1771 2006 1814 Aver-

1157 1836 1364 1884 nifuror?
1401 1834 1505 1884 clun
1528 1837 1660 1883 nobis
1679 1834 1842 1896 nequit
1860 1869 1873 1887 ‚
1920 1846 2007 1878 no-

1157 1915 1229 1949 cet
1247 1899 1410 1949 nostris
1441 1940 1454 1958 ,
1508 1901 1614 1950 cum
1634 1915 1712 1964 per
1734 1898 1775 1947 se
1802 1913 1896 1944 non
1920 1912 2006 1959 po—

1159 1964 1268 2024 test,
1306 1980 1444 2014 vexat
1456 1984 1536 2031 per
1551 1964 1653 2014 suos
1676 1982 1684 2012 :
1717 1979 1799 2012 nec
1809 1965 1924 2009 bene
1943 1956 2010 2008 est

1156 2033 1464 2094 illiunquam‚
1497 2031 1574 2080 nifi
1596 2032 1647 2080 sit
1671 2029 1848 2078 homini
1868 2021 2005 2074 male.

1157 2099 1241 2146 Rei
1254 2097 1391 2159 hujus
1403 2111 1474 2146 tot
1484 2115 1599 2161 pene
1611 2094 1711 2145 sunt
1723 2093 1873 2150 testes,
1890 2104 2008 2156 quot

1156 2159 1451 2225 produ&aei11
1469 2166 1645 2211 bonum
1667 2162 1868 2209 hominis
1886 2174 2008 2205 crea-

1159 2241 1293 2275 turae:
1350 2230 1452 2276 laeta
1469 2224 1867 2292 pascuafiinvisas‚
1905 2239 2008 2286 gre-
2081 2222 2084 2224 ’

1155 2308 1236 2355 ges
1247 2294 1448 2356 integros
1461 2292 1607 2358 sparso
1619 2332 1632 2351 ‚
1649 2287 1916 2351 affricatdve
1927 2304 2009 2336 ve-

1155 2373 1276 2405 neno
1304 2356 1456 2408 subitb
1485 2371 1750 2424 peremptos
1783 2358 2008 2404 lamenta-
2114 2411 2122 2422 ·

1153 2424 1276 2470 bitur
1289 2426 1521 2487 Daphnis:
1555 2436 1759 2473 armenta
1768 2422 1843 2469 vel
1862 2418 2004 2468 oestro
2016 2407 2170 2459 Genu&
2187 2410 2219 2464 Ι.

1152 2490 1321 2550 percita
1353 2527 1366 2546 ,
1414 2493 1489 2538 vel
1516 2489 1749 2538 obsidente
1769 2488 1894 2534 malo
1919 2486 2059 2538 lto-9·
2080 2476 2186 2526 ¹1⁰3*-

1156 2551 1268 2616 spite
1284 2555 1525 2617 praefocata
1542 2595 1554 2612 ,
1586 2555 1888 2619 praecipitata,
1927 2563 2006 2598 aut
2016 2547 2116 2590 attic
2143 2556 2177 2592 θ·
2195 2557 2244 2604 4.

1154 2615 1375 2683 discerpta
1385 2637 1478 2668 non
1490 2621 1578 2669 sine
1589 2622 1766 2685 gemitu
1785 2617 2009 2665 vocifera·
2024 2608 2172 2656 ”limus

1155 2685 1277 2734 bitur
1287 2683 1424 2736 tristis
1433 2694 1678 2752 Amyntas.
1704 2686 1834 2754 Quin
1849 2680 2006 2745 (qubd
2017 2727 2021 2731 ,
2031 2676 2205 2723 ecundas

1266 2753 1313 2801 N
1347 2766 1380 2800 n
1843 2749 2008 2812 utique
