2294 2933
62 320 67 432 -„-r„⁴.
66 214 72 298 ,,,,,,
68 119 72 195 ,
49 0 75 89 .--ἴ-’θ

33 1935 141 1979 4ΐ1ι;
150 1931 235 1980 Sin.

31 2065 132 2108 Vier.
167 2067 196 2109 l.

30 2145 86 2177 ¹4.
109 2129 197 2189 hist.

25 2206 92 2238 tat.
107 2210 140 2239 ί.
158 2213 172 2239 1
189 2213 228 2240 O·

21 2453 58 2498 ln
83 2450 420 2499 Salom.cidente
444 2451 679 2499 clauditur.
795 2514 800 2517 .

21 2532 127 2563 inv.
139 2518 168 2561 l.
187 2533 229 2573 3.
241 2516 357 2564 neda
376 2518 545 2565 arboris
563 2518 714 2565 Sinicae
732 2519 944 2564 meminit
957 2555 969 2574 ,
1001 2531 1081 2565 cu-

20 2595 44 2626 7·
67 2600 143 2631 22.

941 57 1129 118 {Ariadne

278 180 394 229 folia
411 188 628 228 contexta
651 178 758 229 dant
778 181 1119 243 'vestimentum

276 244 474 293 serviunt
496 261 580 307 pro
609 261 784 308 papyro
805 263 814 291 :
871 249 970 297 imo
993 252 1120 313 quod

273 311 446 356 mireris
473 307 742 372 usurpantur
765 327 847 372 pro
870 314 1033 362 aedium
1050 328 1118 363 te-

270 376 391 437 gulis
404 410 417 429 ‚
444 372 504 421 eo
519 373 651 437 quod
665 379 1015 427 arceantimbres
1029 417 1042 436 ,
1065 383 1117 430 &

268 435 593 500 tempestatum
606 441 780 502 injuriis
797 441 1007 490 resistant.
1026 445 1113 491 Sed

267 505 317 551 &
340 504 430 549 haec
460 500 549 565 ipsa
578 506 711 551 arbor
742 503 902 553 cuneta
930 506 1109 570 prorsus

262 566 562 616 instrumenta
575 571 761 631 praebet,
785 572 827 616 in
844 586 939 617 rem
958 575 1111 620 nauti-

263 647 364 679 cam
405 645 682 696 opportuna.
783 635 1017 683 Truncum
1062 638 1109 684 in

260 699 463 756 malum3
500 712 653 745 ramos
668 699 713 744 in
727 696 987 757 affamenta,
1017 703 1107 748 cla-

260 756 469 824 vosque3
498 777 679 810 comam
695 764 740 809 in
754 765 880 820 vela,
902 767 1107 827 calycem

259 839 500 873 externum
558 829 605 874 in
661 828 793 875 funes
833 845 847 886 3
919 846 1104 877 coccum

256 889 402 952 ipsum
424 928 436 947 ,
481 889 677 954 quaecjue
699 908 756 938 ex
781 908 837 939 eo
854 891 1104 941 conficiun-

256 967 340 1011 tur,
362 958 406 1002 in
421 972 557 1003 onera
570 956 815 1012 ministrat,
837 961 923 1014 ita,
945 971 1101 1006 utnon

254 1019 343 1066 {ine
363 1022 588 1068 Miraculo
611 1022 816 1084 quodam
838 1060 851 1078 ‚
887 1025 1100 1071 omnibus

252 1086 385 1133 rebus
419 1100 477 1132 ex
503 1083 641 1133 semet
667 1084 884 1134 instructa
914 1091 1099 1151 naviget

252 1151 406 1197 Palma
420 1187 432 1206 ‚
455 1146 710 1213 eademque
720 1149 885 1198 disciffa
899 1168 976 1214 per
986 1154 1103 1215 hye-

253 1229 378 1261 mem
400 1215 454 1262 ad
480 1231 646 1276 prunas
665 1217 790 1262 lenta
815 1217 988 1278 ignium
1018 1220 1099 1264 ali-

252 1293 406 1326 menta
437 1277 691 1342 suppeditet
713 1318 725 1336 ‚
760 1280 878 1329 adeo
903 1283 946 1328 in
970 1284 1100 1330 unica

249 1346 402 1407 palma
417 1342 697 1392 demonstrat
708 1348 885 1396 Natura
898 1383 910 1402 ‚
933 1344 973 1394 se
987 1364 1099 1410 pau-

246 1411 309 1456 cis
357 1408 451 1456 effe-
489 1421 771 1457 contentam.
885 1411 972 1459 Sed
1015 1428 1098 1460 nec

248 1473 390 1537 ipsam
410 1476 664 1523 Tartariam
683 1512 695 1531 ,
737 1475 761 1522 a
783 1477 948 1538 Magiae
970 1477 1097 1524 thea-

253 1551 325 1586 tro
345 1543 521 1587 Natura
541 1542 665 1602 cupit
684 1537 925 1588 exclusam,
973 1544 1094 1590 Nam

253 1607 331 1652 alit
348 1605 534 1653 herbam
560 1643 572 1661 ,
619 1600 886 1667 elapidibus
908 1622 1094 1669 proger-

251 1672 501 1716 minantem
526 1708 538 1726 ‚
574 1685 673 1733 quae
703 1672 745 1716 in
769 1673 920 1732 ignem
939 1674 1094 1733 conje-

250 1732 322 1784 ἃᾶ
341 1737 546 1782 comburi
565 1737 727 1797 nequit
752 1751 760 1781 :
806 1736 987 1783 hincex
1016 1738 1092 1784 illa

250 1801 511 1862 elychnium
527 1798 769 1854 conficiunt
787 1802 942 1848 incolae
966 1803 1092 1864 quod

249 1862 538 1912 emunc'torio
560 1882 654 1912 non
670 1865 807 1912 habet
824 1882 941 1928 opus
964 1904 976 1922 ,
1013 1866 1091 1914 nisi

249 1930 376 1992 quod
399 1933 442 1976 in
455 1930 652 1977 flammis
667 1932 1087 1991 praebetVulcanus.

246 1997 335 2043 Sub
354 1997 494 2042 Paulo
506 2000 565 2043 V.
585 1996 789 2043 Romam
808 1996 1000 2042 allatum
1020 1997 1088 2043 fe-

243 2072 350 2108 runt
361 2059 557 2107 exlndiis
569 2058 731 2107 florem
747 2060 986 2118 (Granadil
995 2062 1087 2108 lam

244 2127 523 2185 nominant)
555 2141 652 2188 quae
680 2124 846 2174 Christi
871 2128 1084 2187 patientis

242 2191 426 2253 insignia
461 2191 652 2238 'Naturae
689 2187 829 2239 solius
874 2188 1044 2253 scalpro
1069 2228 1082 2248 ‚

239 2257 287 2304 in
308 2254 349 2303 se
367 2253 578 2319 expreffit
601 2272 611 2303 ς
643 2256 793 2318 hujus
807 2256 973 2319 plantae
994 2256 1083 2303 flo-

239 2320 364 2368 ridus
385 2323 648 2384 calyxtoto
675 2337 793 2369 anno
817 2323 1082 2384 protuberat

240 2381 418 2435 fruetus
430 2425 442 2443 ‚
462 2389 660 2450 aperitur
670 2388 985 2444 orienteSole‘‚
1004 2403 1082 2434 oc-

767 2454 995 2515 Denique?
1010 2454 1081 2501 Pi-

240 2585 316 2645 jus
337 2579 476 2629 bifida
499 2581 626 2628 radix
653 2582 859 2644 Opposita
886 2581 1081 2631 omn-ino

236 2648 387 2711 ponet
411 2649 582 2701 virtute
607 2662 620 2695 a
653 2661 759 2696 nam
789 2645 910 2698 fibrae
931 2649 1080 2696 orien-

1172 64 1347 129 Pbyficae·
1928 83 2022 132 347

1176 197 1270 232 tem
1315 180 1564 248 spectantes
1606 189 1862 236 antidotum
1905 203 2014 251 prae·

1174 251 1280 297 bent
1291 263 1444 298 contra
1466 267 1691 299 venenum
1711 271 1724 310 ς
1765 251 2010 313 speciant-es·

1172 313 1468 371 occidentem,
1495 319 1897 364 venenatamluem
1918 333 2009 364 zion

1171 376 1319 425 modo
1349 380 1514 436 alunt,
1569 379 1643 428 sed
1674 384 1722 431 δε
1757 379 2006 442 aspergunt.

1169 444 1321 489 Aliam
1343 444 1548 492 arborem
1565 444 2011 506 testanttii·japoiies‚

1168 522 1375 570 eousque
1397 509 1501 556 ferri
1525 512 1714 557 amicam
1738 548 1750 567 ‚
1787 522 1838 556 ut
1857 524 2009 556 ramus

1166 586 1222 617 ex
1237 586 1288 617 ea
1302 570 1508 629 avulsus,
1550 587 1648 622 tum
1670 571 1825 622 denuo
1850 575 2011 645 agglu-

1167 636 1360 693 tinetur,
1397 636 1569 685 ficlavo
1583 641 1733 686 ferreo
1751 639 1803 687 sit
1824 637 2007 685 affixus.

1163 697 1266 746 Imo
1282 699 1313 747 st
1331 701 1462 748 arbor
1474 702 1725 751 exarescere
1735 705 1830 751 fors
1850 704 2007 749 videa-

1162 775 1235 810 tur
1247 800 1260 819 ,
1287 761 1433 812 scrobs
1447 767 1550 813 ferri
1567 769 1774 830 ejusdem
1789 768 1919 815 radici
1941 766 2008 815 est

1161 827 1474 886 admovenda,
1494 843 1545 878 ut
1559 832 1746 893 pristino
1759 835 1929 895 vigori,
1951 835 2002 882 &

1159 889 1292 938 statui
1314 893 1590 942 restituatur.

1158 972 1242 1017 pro
1258 972 1353 1018 quo
1367 956 1506 1006 fidem
1521 963 1792 1023 oppignerat
1813 963 2002 1020 Plinius,

1157 1020 1270 1067 dum
1300 1024 1362 1068 ait
1388 1059 1401 1078 ‚
1455 1026 1715 1072 Alexandro
1743 1028 1999 1075 Macedone

1155 1084 1277 1132 forte
1303 1089 1506 1135 arborem
1535 1091 1780 1151 quamdam
1804 1095 1998 1155 obequi-

1155 1162 1305 1206 tante,
1337 1150 1581 1201 atti-adtum
1596 1156 1835 1214 continuo,
1858 1161 1997 1209 etiam

1154 1210 1454 1263 relutstantem
1478 1221 1785 1281 Bucephalum
1814 1261 1825 1279 ,
1867 1222 1995 1283 quod

1154 1282 1315 1326 Fatum
1328 1318 1340 1336 ,
1374 1284 1681 1345 &Sonipedes
1695 1287 1858 1349 reliqui
1879 1286 1995 1334 subi-

1153 1345 1281 1400 bant,
1314 1359 1417 1393 utut
1441 1349 1652 1396 animalia
1672 1363 1825 1398 caetera
1847 1390 1859 1408 ‚
1894 1353 1994 1399 abs—

1154 1425 1245 1470 que
1304 1411 1638 1474 impedimento
1709 1414 1995 1478 sympathicae

1151 1475 1361 1521 Remorae
1391 1481 1678 1538 praeterirent.

1216 1540 1398 1588 LEUC.
1446 1544 1514 1588 Ex
1540 1544 1779 1591 Dodonaeo
1803 1560 1993 1592 nemore

1151 1603 1266 1650 hanc
1293 1602 1379 1651 effe
1411 1622 1626 1668 quercum
1656 1610 1863 1670 jurabant
1889 1611 1953 1656 illi
1978 1646 1993 1666 ,

1151 1670 1318 1730 quibus
1370 1673 1545 1733 volupe
1584 1690 1686 1721 cum
1721 1676 1872 1722 Poetis
1904 1690 1992 1720 nu-

1149 1738 1267 1795 gari,
1295 1736 1344 1782 &
1364 1735 1416 1781 ad
1438 1740 1608 1798 qumvis
1630 1753 1797 1787 naturae
1819 1737 1990 1801 myste-

1148 1800 1210 1844 ria
1233 1835 1245 1853 ‚
1278 1815 1357 1860 per
1377 1801 1606 1851 machinas
1625 1820 1739 1852 mox
1766 1804 1990 1850 advehere

1145 1863 1312 1924 jovem
1347 1866 1642 1929 Olympium.
1727 1865 1989 1918 Confirmat

1145 1928 1235 1974 haec
1248 1931 1522 1991 experientia
1537 1934 1698 1990 aliam,
1717 1951 1811 1985 non
1830 1931 1984 1980 minus

1143 1993 1188 2038 in
1202 1995 1295 2040 Peri
1302 2008 1409 2055 pato
1421 1997 1697 2057 paradoxam
1714 2015 1723 2045 :
1756 2013 1986 2062 quanem-

1141 2073 1198 2120 pe
1220 2060 1480 2121 Corylaceae
1503 2063 1638 2126 virgae
1654 2061 1987 2126 sympathicam

1142 2122 1196 2169 ad
1221 2126 1407 2172 metalla
1427 2128 1775 2190 propensionem
1804 2129 1986 2178 Autho-

1140 2203 1209 2235 res
1227 2186 1422 2238 afferunt
1441 2229 1454 2248 ‚
1501 2195 1735 2255 graviores
1758 2195 1941 2242 forsitan
1967 2228 1981 2247 ,

1138 2251 1277 2316 quam
1304 2266 1355 2302 ut
1374 2259 1476 2318 quis
1499 2257 1726 2306 sarcastico
1745 2259 1872 2307 sibilo
1896 2272 1977 2303 eos

1137 2329 1231 2365 tam
1248 2321 1412 2368 leviter
1432 2323 1477 2370 in
1502 2339 1630 2372 auras
1653 2321 1877 2372 exsufflet.
1902 2360 1905 2363 -
1933 2322 1981 2369 Si

1137 2385 1258 2431 enim
1279 2387 1411 2432 arbor
1435 2390 1660 2437 attrahere
1685 2388 1834 2452 potest
1862 2386 1983 2437 soni-

1135 2449 1301 2512 pedem
1313 2451 1659 2516 ‘cataphrastum
1680 2492 1692 2511 ‚
1728 2465 1805 2502 cur
1833 2459 1981 2502 mine-

1136 2516 1246 2562 ralia
1259 2553 1272 2573 ,
1299 2512 1590 2580 sympathicis
1608 2517 1980 2582 corpusculorum

1137 2576 1335 2629 effluviis
1350 2621 1362 2640 ‚
1395 2585 1617 2632 attrahere
1628 2598 1859 2648 nequeant
1878 2594 1981 2631 me·-

1138 2646 1475 2699 tallothericam
1497 2652 1725 2716 virgulam
1746 2688 1760 2710 ,
1794 2661 1846 2698 ut
1871 2646 1976 2761 (ἷυίε

1189 2713 1238 2764 ,Χ
1258 2727 1290 2760 x
1321 2727 1351 2767 2
1850 2715 1882 2762 il
1904 2715 1976 2763 ius

1661 899 1780 945 Illud
1799 900 1966 944 mirum
1989 913 2231 962 ‚L‚12,c,8.
