<?xml version="1.0" encoding="UTF-8"?>
<!DOCTYPE html PUBLIC "-//W3C//DTD XHTML 1.0 Transitional//EN"
    "http://www.w3.org/TR/xhtml1/DTD/xhtml1-transitional.dtd">
<html xmlns="http://www.w3.org/1999/xhtml" xml:lang="en" lang="en">
 <head>
  <title>
</title>
<meta http-equiv="Content-Type" content="text/html;charset=utf-8" />
  <meta name='ocr-system' content='tesseract 3.04.00' />
  <meta name='ocr-capabilities' content='ocr_page ocr_carea ocr_par ocr_line ocrx_word'/>
</head>
<body>
  <div class='ocr_page' id='page_1' title='image "./peripateticusnos00schw_0326.png"; bbox 0 0 2294 2933; ppageno 0'>
   <div class='ocr_carea' id='block_1_1' title="bbox 292 84 388 142">
    <p class='ocr_par' dir='ltr' id='par_1_1' title="bbox 292 84 388 142">
     <span class='ocr_line' id='line_1_1' title="bbox 292 84 388 142; baseline -0.01 -11"><span class='ocrx_word' id='word_1_1' title='bbox 292 84 388 142; x_wconf 79' lang='lat'><strong>296</strong></span> 
     </span>
    </p>
   </div>
   <div class='ocr_carea' id='block_1_2' title="bbox 296 197 1149 329">
    <p class='ocr_par' dir='ltr' id='par_1_2' title="bbox 296 197 1149 329">
     <span class='ocr_line' id='line_1_2' title="bbox 296 197 1149 264; baseline 0.001 -19"><span class='ocrx_word' id='word_1_2' title='bbox 296 199 451 247; x_wconf 85' lang='lat' dir='ltr'><strong>otium</strong></span> <span class='ocrx_word' id='word_1_3' title='bbox 473 235 487 255; x_wconf 92' lang='lat'><strong>,</strong></span> <span class='ocrx_word' id='word_1_4' title='bbox 519 200 651 249; x_wconf 80' lang='lat' dir='ltr'><strong>Pater</strong></span> <span class='ocrx_word' id='word_1_5' title='bbox 667 197 877 249; x_wconf 82' lang='lat' dir='ltr'><strong>diabolus</strong></span> <span class='ocrx_word' id='word_1_6' title='bbox 897 233 925 257; x_wconf 87' lang='lat'><strong>,-</strong></span> <span class='ocrx_word' id='word_1_7' title='bbox 947 201 1149 264; x_wconf 81' lang='lat' dir='ltr'><strong>conjugii</strong></span> 
     </span>
     <span class='ocr_line' id='line_1_3' title="bbox 296 264 1149 329; baseline 0.001 -18"><span class='ocrx_word' id='word_1_8' title='bbox 296 264 564 322; x_wconf 80' lang='lat' dir='ltr'><strong>vinculum,</strong></span> <span class='ocrx_word' id='word_1_9' title='bbox 613 277 770 314; x_wconf 87' lang='lat' dir='ltr'><strong>catena</strong></span> <span class='ocrx_word' id='word_1_10' title='bbox 800 268 974 329; x_wconf 85' lang='lat' dir='ltr'><strong>integra</strong></span> <span class='ocrx_word' id='word_1_11' title='bbox 1009 269 1149 314; x_wconf 84' lang='lat' dir='ltr'><strong>vitio-</strong></span> 
     </span>
    </p>
   </div>
   <div class='ocr_carea' id='block_1_3' title="bbox 299 326 1163 393">
    <p class='ocr_par' dir='ltr' id='par_1_3' title="bbox 299 326 1163 393">
     <span class='ocr_line' id='line_1_4' title="bbox 299 326 1163 393; baseline 0.002 -17"><span class='ocrx_word' id='word_1_12' title='bbox 299 345 418 377; x_wconf 88' lang='lat' dir='ltr'><strong>rum.</strong></span> <span class='ocrx_word' id='word_1_13' title='bbox 465 326 660 390; x_wconf 17' lang='lat' dir='ltr'><strong>,Contra</strong></span> <span class='ocrx_word' id='word_1_14' title='bbox 680 333 915 393; x_wconf 79' lang='lat' dir='ltr'><strong>Sapientiae</strong></span> <span class='ocrx_word' id='word_1_15' title='bbox 934 328 1059 378; x_wconf 91' lang='lat' dir='ltr'><strong>soror</strong></span> <span class='ocrx_word' id='word_1_16' title='bbox 1084 328 1163 378; x_wconf 89' lang='lat' dir='ltr'><strong>est.</strong></span> 
     </span>
    </p>
   </div>
   <div class='ocr_carea' id='block_1_4' title="bbox 297 396 1159 2749">
    <p class='ocr_par' dir='ltr' id='par_1_4' title="bbox 297 396 1159 2749">
     <span class='ocr_line' id='line_1_5' title="bbox 299 396 1149 459; baseline 0.001 -18"><span class='ocrx_word' id='word_1_17' title='bbox 299 396 405 442; x_wconf 88' lang='lat' dir='ltr'><strong>vitae</strong></span> <span class='ocrx_word' id='word_1_18' title='bbox 428 396 679 459; x_wconf 81' lang='lat' dir='ltr'><strong>integritas,</strong></span> <span class='ocrx_word' id='word_1_19' title='bbox 708 397 847 442; x_wconf 82' lang='lat' dir='ltr'><strong>ambae</strong></span> <span class='ocrx_word' id='word_1_20' title='bbox 866 411 949 458; x_wconf 91' lang='lat' dir='ltr'><strong>pro</strong></span> <span class='ocrx_word' id='word_1_21' title='bbox 959 397 1149 458; x_wconf 87' lang='lat' dir='ltr'><strong>genitri-</strong></span> 
     </span>
     <span class='ocr_line' id='line_1_6' title="bbox 298 458 1151 524; baseline 0.001 -17"><span class='ocrx_word' id='word_1_22' title='bbox 298 472 349 507; x_wconf 87' lang='lat' dir='ltr'><strong>ce</strong></span> <span class='ocrx_word' id='word_1_23' title='bbox 365 458 611 522; x_wconf 82' lang='lat' dir='ltr'><strong>agnoscunt</strong></span> <span class='ocrx_word' id='word_1_24' title='bbox 622 463 639 506; x_wconf 87' lang='grc' dir='ltr'><strong>Ι</strong></span> <span class='ocrx_word' id='word_1_25' title='bbox 644 458 922 518; x_wconf 72' lang='lat' dir='ltr'><strong>ndustriam,‚</strong></span> <span class='ocrx_word' id='word_1_26' title='bbox 955 458 1151 524; x_wconf 66' lang='lat' dir='ltr'><strong>eahnque</strong></span> 
     </span>
     <span class='ocr_line' id='line_1_7' title="bbox 301 523 1150 575; baseline 0.002 -5"><span class='ocrx_word' id='word_1_27' title='bbox 301 526 447 572; x_wconf 87' lang='lat' dir='ltr'><strong>veluti</strong></span> <span class='ocrx_word' id='word_1_28' title='bbox 470 523 572 571; x_wconf 79' lang='lat' dir='ltr'><strong>filiae</strong></span> <span class='ocrx_word' id='word_1_29' title='bbox 597 537 844 572; x_wconf 62' lang='lat' dir='ltr'><strong>coronant-</strong></span> <span class='ocrx_word' id='word_1_30' title='bbox 936 527 1056 575; x_wconf 80' lang='lat' dir='ltr'><strong>Tam</strong></span> <span class='ocrx_word' id='word_1_31' title='bbox 1081 543 1150 573; x_wconf 87' lang='lat' dir='ltr'><strong>ar-</strong></span> 
     </span>
     <span class='ocr_line' id='line_1_8' title="bbox 301 582 1151 653; baseline 0.001 -16"><span class='ocrx_word' id='word_1_32' title='bbox 301 582 431 637; x_wconf 66' lang='lat' dir='ltr'><strong>&amp;um</strong></span> <span class='ocrx_word' id='word_1_33' title='bbox 448 588 512 636; x_wconf 89' lang='lat' dir='ltr'><strong>est</strong></span> <span class='ocrx_word' id='word_1_34' title='bbox 522 588 604 636; x_wconf 84' lang='lat' dir='ltr'><strong>faed</strong></span> <span class='ocrx_word' id='word_1_35' title='bbox 613 605 663 636; x_wconf 89' lang='lat' dir='ltr'><strong>us</strong></span> <span class='ocrx_word' id='word_1_36' title='bbox 684 590 800 637; x_wconf 87' lang='lat' dir='ltr'><strong>inter</strong></span> <span class='ocrx_word' id='word_1_37' title='bbox 818 589 1080 653; x_wconf 52' lang='lat' dir='ltr'><strong>profestum</strong></span> <span class='ocrx_word' id='word_1_38' title='bbox 1105 592 1151 638; x_wconf 88' lang='lat' dir='ltr'><strong>in</strong></span> 
     </span>
     <span class='ocr_line' id='line_1_9' title="bbox 298 655 1151 719; baseline 0.001 -18"><span class='ocrx_word' id='word_1_39' title='bbox 298 655 488 709; x_wconf 85' lang='lat' dir='ltr'><strong>litteris,</strong></span> <span class='ocrx_word' id='word_1_40' title='bbox 524 668 577 719; x_wconf 63' lang='lat' dir='ltr'><strong>ac&gt;</strong></span> <span class='ocrx_word' id='word_1_41' title='bbox 597 655 794 712; x_wconf 75' lang='lat' dir='ltr'><strong>virtute,</strong></span> <span class='ocrx_word' id='word_1_42' title='bbox 829 668 879 702; x_wconf 91' lang='lat' dir='ltr'><strong>ut</strong></span> <span class='ocrx_word' id='word_1_43' title='bbox 897 672 1016 704; x_wconf 86' lang='lat' dir='ltr'><strong>unus</strong></span> <span class='ocrx_word' id='word_1_44' title='bbox 1037 657 1151 703; x_wconf 86' lang='lat' dir='ltr'><strong>alte-</strong></span> 
     </span>
     <span class='ocr_line' id='line_1_10' title="bbox 298 716 1152 784; baseline 0.004 -19"><span class='ocrx_word' id='word_1_45' title='bbox 298 720 555 766; x_wconf 76' lang='lat' dir='ltr'><strong>rius-veluti·</strong></span> <span class='ocrx_word' id='word_1_46' title='bbox 570 716 783 768; x_wconf 75' lang='lat' dir='ltr'><strong>&#39;mensura</strong></span> <span class='ocrx_word' id='word_1_47' title='bbox 807 758 820 777; x_wconf 87' lang='lat'>‚</span> <span class='ocrx_word' id='word_1_48' title='bbox 854 732 993 784; x_wconf 87' lang='lat' dir='ltr'><strong>atque</strong></span> <span class='ocrx_word' id='word_1_49' title='bbox 1014 721 1152 768; x_wconf 84' lang='lat' dir='ltr'>index</span> 
     </span>
     <span class='ocr_line' id='line_1_11' title="bbox 298 781 1150 848; baseline 0.002 -17"><span class='ocrx_word' id='word_1_50' title='bbox 298 781 651 832; x_wconf 60' lang='lat' dir='ltr'><strong>charaeteristica</strong></span> <span class='ocrx_word' id='word_1_51' title='bbox 674 822 687 840; x_wconf 90' lang='lat'><strong>,</strong></span> <span class='ocrx_word' id='word_1_52' title='bbox 740 801 840 848; x_wconf 83' lang='lat' dir='ltr'><strong>quae</strong></span> <span class='ocrx_word' id='word_1_53' title='bbox 860 784 967 834; x_wconf 73' lang='lat' dir='ltr'><strong>raro</strong></span> <span class='ocrx_word' id='word_1_54' title='bbox 998 787 1150 835; x_wconf 87' lang='lat' dir='ltr'><strong>fallit:</strong></span> 
     </span>
     <span class='ocr_line' id='line_1_12' title="bbox 297 849 1154 963; baseline 0.002 -67"><span class='ocrx_word' id='word_1_55' title='bbox 297 865 407 896; x_wconf 89' lang='lat' dir='ltr'><strong>nam</strong></span> <span class='ocrx_word' id='word_1_56' title='bbox 419 851 600 963; x_wconf 48' lang='lat' dir='ltr'><strong>Soghos</strong></span> <span class='ocrx_word' id='word_1_57' title='bbox 613 849 758 914; x_wconf 77' lang='lat' dir='ltr'><strong>magis</strong></span> <span class='ocrx_word' id='word_1_58' title='bbox 772 850 1015 899; x_wconf 87' lang='lat' dir='ltr'><strong>industrios</strong></span> <span class='ocrx_word' id='word_1_59' title='bbox 1028 890 1040 909; x_wconf 92' lang='lat'><strong>,</strong></span> <span class='ocrx_word' id='word_1_60' title='bbox 1067 868 1154 899; x_wconf 88' lang='lat' dir='ltr'><strong>no-</strong></span> 
     </span>
     <span class='ocr_line' id='line_1_13' title="bbox 303 915 1154 980; baseline 0.002 -18"><span class='ocrx_word' id='word_1_61' title='bbox 303 917 393 962; x_wconf 82' lang='lat' dir='ltr'><strong>tavi</strong></span> <span class='ocrx_word' id='word_1_62' title='bbox 406 916 464 962; x_wconf 82' lang='lat' dir='ltr'><strong>ha</strong></span> <span class='ocrx_word' id='word_1_63' title='bbox 515 932 626 964; x_wconf 89' lang='lat' dir='ltr'><strong>enus</strong></span> <span class='ocrx_word' id='word_1_64' title='bbox 637 915 784 979; x_wconf 86' lang='lat' dir='ltr'><strong>magis</strong></span> <span class='ocrx_word' id='word_1_65' title='bbox 794 919 983 979; x_wconf 86' lang='lat' dir='ltr'><strong>probos;</strong></span> <span class='ocrx_word' id='word_1_66' title='bbox 996 920 1046 967; x_wconf 89' lang='lat'>&amp;</span> <span class='ocrx_word' id='word_1_67' title='bbox 1056 920 1154 980; x_wconf 85' lang='lat' dir='ltr'><strong>ple-</strong></span> 
     </span>
     <span class='ocr_line' id='line_1_14' title="bbox 302 982 1154 1046; baseline 0.001 -19"><span class='ocrx_word' id='word_1_68' title='bbox 302 996 501 1043; x_wconf 87' lang='lat' dir='ltr'><strong>rumque</strong></span> <span class='ocrx_word' id='word_1_69' title='bbox 533 993 591 1028; x_wconf 82' lang='lat' dir='ltr'><strong>ex</strong></span> <span class='ocrx_word' id='word_1_70' title='bbox 609 982 773 1029; x_wconf 84' lang='lat' dir='ltr'><strong>litteris</strong></span> <span class='ocrx_word' id='word_1_71' title='bbox 805 983 988 1030; x_wconf 88' lang='lat' dir='ltr'><strong>virtutis</strong></span> <span class='ocrx_word' id='word_1_72' title='bbox 1011 998 1154 1046; x_wconf 78' lang='lat' dir='ltr'><strong>arguo</strong></span> 
     </span>
     <span class='ocr_line' id='line_1_15' title="bbox 301 1043 1154 1109; baseline 0.001 -16"><span class='ocrx_word' id='word_1_73' title='bbox 301 1043 602 1109; x_wconf 80' lang='lat' dir='ltr'><strong>progressum.</strong></span> <span class='ocrx_word' id='word_1_74' title='bbox 699 1049 805 1094; x_wconf 73' lang='lat' dir='ltr'><strong>Haec</strong></span> <span class='ocrx_word' id='word_1_75' title='bbox 822 1064 879 1094; x_wconf 86' lang='lat' dir='ltr'><strong>ex</strong></span> <span class='ocrx_word' id='word_1_76' title='bbox 904 1060 984 1096; x_wconf 84' lang='lat' dir='ltr'><strong>tuo</strong></span> <span class='ocrx_word' id='word_1_77' title='bbox 1000 1046 1122 1095; x_wconf 88' lang='lat' dir='ltr'><strong>sensu</strong></span> <span class='ocrx_word' id='word_1_78' title='bbox 1140 1085 1154 1105; x_wconf 92' lang='lat'>‚</span> 
     </span>
     <span class='ocr_line' id='line_1_16' title="bbox 302 1112 1156 1174; baseline 0.005 -17"><span class='ocrx_word' id='word_1_79' title='bbox 302 1123 356 1159; x_wconf 87' lang='lat' dir='ltr'><strong>ut</strong></span> <span class='ocrx_word' id='word_1_80' title='bbox 375 1112 529 1159; x_wconf 83' lang='lat' dir='ltr'><strong>videas</strong></span> <span class='ocrx_word' id='word_1_81' title='bbox 547 1149 560 1169; x_wconf 88' lang='lat'>‚</span> <span class='ocrx_word' id='word_1_82' title='bbox 598 1124 826 1174; x_wconf 85' lang='lat' dir='ltr'><strong>quantum</strong></span> <span class='ocrx_word' id='word_1_83' title='bbox 845 1126 923 1161; x_wconf 91' lang='lat' dir='ltr'><strong>tua</strong></span> <span class='ocrx_word' id='word_1_84' title='bbox 948 1115 1083 1161; x_wconf 84' lang='lat' dir='ltr'><strong>verba</strong></span> <span class='ocrx_word' id='word_1_85' title='bbox 1108 1128 1156 1161; x_wconf 84' lang='lat' dir='ltr'><strong>a·</strong></span> 
     </span>
     <span class='ocr_line' id='line_1_17' title="bbox 302 1175 1152 1240; baseline 0.007 -17"><span class='ocrx_word' id='word_1_86' title='bbox 302 1175 399 1239; x_wconf 89' lang='lat' dir='ltr'><strong>pud</strong></span> <span class='ocrx_word' id='word_1_87' title='bbox 409 1192 484 1224; x_wconf 91' lang='lat' dir='ltr'><strong>me</strong></span> <span class='ocrx_word' id='word_1_88' title='bbox 491 1178 692 1240; x_wconf 89' lang='lat' dir='ltr'><strong>pondus,</strong></span> <span class='ocrx_word' id='word_1_89' title='bbox 704 1180 754 1227; x_wconf 87' lang='lat'>&amp;</span> <span class='ocrx_word' id='word_1_90' title='bbox 764 1180 980 1240; x_wconf 86' lang='lat' dir='ltr'><strong>pretium.</strong></span> <span class='ocrx_word' id='word_1_91' title='bbox 1022 1186 1152 1229; x_wconf 81' lang='lat' dir='ltr'><strong><em>MEL.</em></strong></span> 
     </span>
     <span class='ocr_line' id='line_1_18' title="bbox 302 1241 1155 1307; baseline 0.002 -17"><span class='ocrx_word' id='word_1_92' title='bbox 302 1244 476 1299; x_wconf 82' lang='lat' dir='ltr'><strong>Placet,</strong></span> <span class='ocrx_word' id='word_1_93' title='bbox 510 1241 641 1306; x_wconf 75' lang='lat' dir='ltr'><strong>quod</strong></span> <span class='ocrx_word' id='word_1_94' title='bbox 654 1255 818 1291; x_wconf 83' lang='lat' dir='ltr'><strong>ventos</strong></span> <span class='ocrx_word' id='word_1_95' title='bbox 845 1259 937 1290; x_wconf 84' lang='lat' dir='ltr'><strong>non</strong></span> <span class='ocrx_word' id='word_1_96' title='bbox 963 1241 1155 1307; x_wconf 86' lang='lat' dir='ltr'><strong>pascam,</strong></span> 
     </span>
     <span class='ocr_line' id='line_1_19' title="bbox 303 1306 1157 1374; baseline 0.004 -19"><span class='ocrx_word' id='word_1_97' title='bbox 303 1306 335 1355; x_wconf 77' lang='lat' dir='ltr'><strong>sl</strong></span> <span class='ocrx_word' id='word_1_98' title='bbox 355 1310 436 1355; x_wconf 81' lang='lat' dir='ltr'><strong>tibi</strong></span> <span class='ocrx_word' id='word_1_99' title='bbox 451 1309 650 1371; x_wconf 89' lang='lat' dir='ltr'><strong>loquor:</strong></span> <span class='ocrx_word' id='word_1_100' title='bbox 689 1311 740 1357; x_wconf 88' lang='lat'>&amp;</span> <span class='ocrx_word' id='word_1_101' title='bbox 765 1321 817 1356; x_wconf 88' lang='lat' dir='ltr'><strong>ut</strong></span> <span class='ocrx_word' id='word_1_102' title='bbox 837 1312 986 1374; x_wconf 87' lang='lat' dir='ltr'><strong>majus</strong></span> <span class='ocrx_word' id='word_1_103' title='bbox 1012 1310 1157 1358; x_wconf 83' lang='lat' dir='ltr'><strong>adhuc</strong></span> 
     </span>
     <span class='ocr_line' id='line_1_20' title="bbox 302 1373 1156 1438; baseline 0.005 -18"><span class='ocrx_word' id='word_1_104' title='bbox 302 1373 486 1436; x_wconf 89' lang='lat' dir='ltr'><strong>pondus</strong></span> <span class='ocrx_word' id='word_1_105' title='bbox 511 1373 678 1421; x_wconf 85' lang='lat' dir='ltr'>addam</span> <span class='ocrx_word' id='word_1_106' title='bbox 698 1390 811 1422; x_wconf 82' lang='lat' dir='ltr'><strong>meae</strong></span> <span class='ocrx_word' id='word_1_107' title='bbox 828 1375 1033 1438; x_wconf 63' lang='lat' dir='ltr'><strong>paraenesi</strong></span> <span class='ocrx_word' id='word_1_108' title='bbox 1053 1413 1066 1432; x_wconf 92' lang='lat'><strong>,</strong></span> <span class='ocrx_word' id='word_1_109' title='bbox 1101 1378 1156 1424; x_wconf 90' lang='lat' dir='ltr'><strong>il-</strong></span> 
     </span>
     <span class='ocr_line' id='line_1_21' title="bbox 303 1437 1158 1503; baseline 0.004 -17"><span class='ocrx_word' id='word_1_110' title='bbox 303 1437 387 1486; x_wconf 84' lang='lat' dir='ltr'><strong>lud</strong></span> <span class='ocrx_word' id='word_1_111' title='bbox 408 1452 491 1487; x_wconf 91' lang='lat' dir='ltr'><strong>tuo</strong></span> <span class='ocrx_word' id='word_1_112' title='bbox 510 1440 776 1503; x_wconf 85' lang='lat' dir='ltr'><strong>frequenter</strong></span> <span class='ocrx_word' id='word_1_113' title='bbox 799 1442 954 1488; x_wconf 86' lang='lat' dir='ltr'><strong>animo</strong></span> <span class='ocrx_word' id='word_1_114' title='bbox 990 1443 1158 1489; x_wconf 89' lang='lat' dir='ltr'><strong>obver-</strong></span> 
     </span>
     <span class='ocr_line' id='line_1_22' title="bbox 304 1501 1159 1570; baseline 0.002 -18"><span class='ocrx_word' id='word_1_115' title='bbox 304 1501 448 1561; x_wconf 89' lang='lat' dir='ltr'><strong>setur,</strong></span> <span class='ocrx_word' id='word_1_116' title='bbox 486 1507 613 1568; x_wconf 89' lang='lat' dir='ltr'><strong>cujus</strong></span> <span class='ocrx_word' id='word_1_117' title='bbox 626 1521 864 1568; x_wconf 84' lang='lat' dir='ltr'><strong>nunquam</strong></span> <span class='ocrx_word' id='word_1_118' title='bbox 885 1522 972 1570; x_wconf 83' lang='lat' dir='ltr'><strong>ego</strong></span> <span class='ocrx_word' id='word_1_119' title='bbox 992 1508 1159 1554; x_wconf 86' lang='lat' dir='ltr'><strong>memi-</strong></span> 
     </span>
     <span class='ocr_line' id='line_1_23' title="bbox 302 1569 1157 1635; baseline 0.005 -19"><span class='ocrx_word' id='word_1_120' title='bbox 302 1571 349 1617; x_wconf 91' lang='lat' dir='ltr'><strong>ni</strong></span> <span class='ocrx_word' id='word_1_121' title='bbox 367 1570 657 1634; x_wconf 86' lang='lat' dir='ltr'><strong>smegemitu.</strong></span> <span class='ocrx_word' id='word_1_122' title='bbox 723 1574 792 1619; x_wconf 89' lang='lat' dir='ltr'><strong>En</strong></span> <span class='ocrx_word' id='word_1_123' title='bbox 813 1569 823 1619; x_wconf 86' lang='lat'>!</span> <span class='ocrx_word' id='word_1_124' title='bbox 855 1574 1157 1635; x_wconf 85' lang='lat' dir='ltr'><strong>quotnonla-</strong></span> 
     </span>
     <span class='ocr_line' id='line_1_24' title="bbox 304 1636 1157 1701; baseline 0.004 -19"><span class='ocrx_word' id='word_1_125' title='bbox 304 1636 437 1683; x_wconf 89' lang='lat' dir='ltr'><strong>bores</strong></span> <span class='ocrx_word' id='word_1_126' title='bbox 452 1638 726 1685; x_wconf 81' lang='lat' dir='ltr'><strong>exhauriunt</strong></span> <span class='ocrx_word' id='word_1_127' title='bbox 738 1638 952 1701; x_wconf 86' lang='lat' dir='ltr'><strong>improbi,</strong></span> <span class='ocrx_word' id='word_1_128' title='bbox 982 1651 1033 1685; x_wconf 91' lang='lat' dir='ltr'><strong>ut</strong></span> <span class='ocrx_word' id='word_1_129' title='bbox 1048 1654 1157 1700; x_wconf 91' lang='lat' dir='ltr'><strong>pro-</strong></span> 
     </span>
     <span class='ocr_line' id='line_1_25' title="bbox 302 1699 1156 1767; baseline 0.004 -19"><span class='ocrx_word' id='word_1_130' title='bbox 302 1702 388 1749; x_wconf 80' lang='lat' dir='ltr'><strong>bos</strong></span> <span class='ocrx_word' id='word_1_131' title='bbox 399 1699 642 1750; x_wconf 82' lang='lat' dir='ltr'>seducant?</span> <span class='ocrx_word' id='word_1_132' title='bbox 675 1714 793 1767; x_wconf 92' lang='lat' dir='ltr'><strong>quot</strong></span> <span class='ocrx_word' id='word_1_133' title='bbox 814 1719 909 1750; x_wconf 90' lang='lat' dir='ltr'><strong>non</strong></span> <span class='ocrx_word' id='word_1_134' title='bbox 920 1702 1156 1751; x_wconf 88' lang='lat' dir='ltr'><strong>molestias</strong></span> 
     </span>
     <span class='ocr_line' id='line_1_26' title="bbox 302 1765 1158 1831; baseline 0.002 -17"><span class='ocrx_word' id='word_1_135' title='bbox 302 1765 531 1815; x_wconf 86' lang='lat' dir='ltr'><strong>devorant</strong></span> <span class='ocrx_word' id='word_1_136' title='bbox 548 1769 713 1831; x_wconf 81' lang='lat' dir='ltr'><strong>Magiae</strong></span> <span class='ocrx_word' id='word_1_137' title='bbox 737 1766 964 1816; x_wconf 84' lang='lat' dir='ltr'><strong>teterrimi</strong></span> <span class='ocrx_word' id='word_1_138' title='bbox 986 1766 1158 1818; x_wconf 73' lang='lat' dir='ltr'><strong>Candi-</strong></span> 
     </span>
     <span class='ocr_line' id='line_1_27' title="bbox 300 1830 1158 1890; baseline 0.005 -12"><span class='ocrx_word' id='word_1_139' title='bbox 300 1830 422 1890; x_wconf 89' lang='lat' dir='ltr'><strong>dati,</strong></span> <span class='ocrx_word' id='word_1_140' title='bbox 453 1845 506 1881; x_wconf 91' lang='lat' dir='ltr'><strong>ut</strong></span> <span class='ocrx_word' id='word_1_141' title='bbox 522 1835 610 1883; x_wconf 83' lang='lat' dir='ltr'><strong>Piis</strong></span> <span class='ocrx_word' id='word_1_142' title='bbox 622 1845 831 1890; x_wconf 83' lang='lat' dir='ltr'><strong>noceant,</strong></span> <span class='ocrx_word' id='word_1_143' title='bbox 870 1835 1054 1882; x_wconf 77' lang='lat' dir='ltr'><strong>nullum</strong></span> <span class='ocrx_word' id='word_1_144' title='bbox 1074 1836 1158 1882; x_wconf 81' lang='lat' dir='ltr'><strong>ali.-</strong></span> 
     </span>
     <span class='ocr_line' id='line_1_28' title="bbox 300 1897 1157 1962; baseline 0.005 -19"><span class='ocrx_word' id='word_1_145' title='bbox 300 1897 364 1945; x_wconf 91' lang='lat' dir='ltr'><strong>ud</strong></span> <span class='ocrx_word' id='word_1_146' title='bbox 374 1911 584 1962; x_wconf 89' lang='lat' dir='ltr'><strong>petentes</strong></span> <span class='ocrx_word' id='word_1_147' title='bbox 602 1900 831 1947; x_wconf 85' lang='lat' dir='ltr'><strong>Minerval</strong></span> <span class='ocrx_word' id='word_1_148' title='bbox 843 1937 855 1956; x_wconf 92' lang='lat'>‚</span> <span class='ocrx_word' id='word_1_149' title='bbox 889 1899 967 1948; x_wconf 83' lang='lat' dir='ltr'><strong>nifi</strong></span> <span class='ocrx_word' id='word_1_150' title='bbox 978 1901 1157 1948; x_wconf 90' lang='lat' dir='ltr'><strong>multo-</strong></span> 
     </span>
     <span class='ocr_line' id='line_1_29' title="bbox 299 1964 1157 2029; baseline -0.002 -15"><span class='ocrx_word' id='word_1_151' title='bbox 299 1980 406 2015; x_wconf 89' lang='lat' dir='ltr'><strong>rum</strong></span> <span class='ocrx_word' id='word_1_152' title='bbox 429 1966 708 2013; x_wconf 86' lang='lat' dir='ltr'><strong>interitum?</strong></span> <span class='ocrx_word' id='word_1_153' title='bbox 741 1977 861 2029; x_wconf 92' lang='lat' dir='ltr'><strong>quot</strong></span> <span class='ocrx_word' id='word_1_154' title='bbox 895 1981 991 2013; x_wconf 90' lang='lat' dir='ltr'><strong>non</strong></span> <span class='ocrx_word' id='word_1_155' title='bbox 1009 1964 1157 2013; x_wconf 89' lang='lat' dir='ltr'><strong>studia</strong></span> 
     </span>
     <span class='ocr_line' id='line_1_30' title="bbox 300 2028 1157 2093; baseline -0.001 -14"><span class='ocrx_word' id='word_1_156' title='bbox 300 2028 535 2079; x_wconf 87' lang='lat' dir='ltr'><strong>insumunt</strong></span> <span class='ocrx_word' id='word_1_157' title='bbox 553 2032 791 2093; x_wconf 85' lang='lat' dir='ltr'><strong>pravitatis</strong></span> <span class='ocrx_word' id='word_1_158' title='bbox 811 2031 1024 2078; x_wconf 78' lang='lat' dir='ltr'><strong>haereticae</strong></span> <span class='ocrx_word' id='word_1_159' title='bbox 1044 2034 1157 2079; x_wconf 82' lang='lat' dir='ltr'><strong>Bac-</strong></span> 
     </span>
     <span class='ocr_line' id='line_1_31' title="bbox 300 2094 1156 2152; baseline -0.001 -7"><span class='ocrx_word' id='word_1_160' title='bbox 300 2097 519 2152; x_wconf 87' lang='lat' dir='ltr'><strong>calaurei,</strong></span> <span class='ocrx_word' id='word_1_161' title='bbox 550 2109 603 2143; x_wconf 90' lang='lat' dir='ltr'><strong>ut</strong></span> <span class='ocrx_word' id='word_1_162' title='bbox 635 2111 835 2143; x_wconf 90' lang='lat' dir='ltr'><strong>errorem</strong></span> <span class='ocrx_word' id='word_1_163' title='bbox 859 2099 903 2143; x_wconf 88' lang='lat' dir='ltr'><strong>in</strong></span> <span class='ocrx_word' id='word_1_164' title='bbox 931 2094 1046 2144; x_wconf 88' lang='lat' dir='ltr'><strong>solio</strong></span> <span class='ocrx_word' id='word_1_165' title='bbox 1068 2112 1156 2144; x_wconf 89' lang='lat' dir='ltr'><strong>nu-</strong></span> 
     </span>
     <span class='ocr_line' id='line_1_32' title="bbox 300 2158 1154 2224; baseline -0.002 -12"><span class='ocrx_word' id='word_1_166' title='bbox 300 2174 477 2212; x_wconf 83' lang='lat' dir='ltr'>tantem</span> <span class='ocrx_word' id='word_1_167' title='bbox 494 2158 680 2213; x_wconf 83' lang='lat' dir='ltr'><strong>firment</strong></span> <span class='ocrx_word' id='word_1_168' title='bbox 703 2163 720 2209; x_wconf 88' lang='lat'>?</span> <span class='ocrx_word' id='word_1_169' title='bbox 760 2174 880 2224; x_wconf 89' lang='lat' dir='ltr'><strong>quot</strong></span> <span class='ocrx_word' id='word_1_170' title='bbox 904 2178 999 2209; x_wconf 93' lang='lat' dir='ltr'><strong>non</strong></span> <span class='ocrx_word' id='word_1_171' title='bbox 1026 2178 1154 2210; x_wconf 86' lang='lat' dir='ltr'><strong>curas</strong></span> 
     </span>
     <span class='ocr_line' id='line_1_33' title="bbox 299 2225 1156 2290; baseline 0 -14"><span class='ocrx_word' id='word_1_172' title='bbox 299 2227 539 2276; x_wconf 88' lang='lat' dir='ltr'><strong>exantlant</strong></span> <span class='ocrx_word' id='word_1_173' title='bbox 556 2264 569 2283; x_wconf 86' lang='lat'>‚</span> <span class='ocrx_word' id='word_1_174' title='bbox 608 2227 793 2275; x_wconf 82' lang='lat' dir='ltr'><strong>Calvini</strong></span> <span class='ocrx_word' id='word_1_175' title='bbox 817 2225 1034 2290; x_wconf 81' lang='lat' dir='ltr'><strong>Sophistae</strong></span> <span class='ocrx_word' id='word_1_176' title='bbox 1052 2265 1064 2284; x_wconf 87' lang='lat'>‚</span> <span class='ocrx_word' id='word_1_177' title='bbox 1105 2230 1156 2277; x_wconf 87' lang='lat'>&amp;</span> 
     </span>
     <span class='ocr_line' id='line_1_34' title="bbox 300 2291 1155 2356; baseline 0 -16"><span class='ocrx_word' id='word_1_178' title='bbox 300 2291 695 2356; x_wconf 79' lang='lat' dir='ltr'><strong>Magistrilslebici</strong></span> <span class='ocrx_word' id='word_1_179' title='bbox 707 2291 971 2356; x_wconf 82' lang='lat' dir='ltr'><strong>Magistelli‚</strong></span> <span class='ocrx_word' id='word_1_180' title='bbox 1004 2307 1056 2340; x_wconf 93' lang='lat' dir='ltr'><strong>ut</strong></span> <span class='ocrx_word' id='word_1_181' title='bbox 1074 2308 1155 2356; x_wconf 89' lang='lat' dir='ltr'><strong>pe-</strong></span> 
     </span>
     <span class='ocr_line' id='line_1_35' title="bbox 301 2354 1155 2421; baseline 0 -15"><span class='ocrx_word' id='word_1_182' title='bbox 301 2357 509 2407; x_wconf 83' lang='lat' dir='ltr'><strong>stilentiae</strong></span> <span class='ocrx_word' id='word_1_183' title='bbox 520 2354 747 2405; x_wconf 82' lang='lat' dir='ltr'><strong>stabiliant</strong></span> <span class='ocrx_word' id='word_1_184' title='bbox 759 2357 1047 2409; x_wconf 80' lang='lat' dir='ltr'>cathedram?</span> <span class='ocrx_word' id='word_1_185' title='bbox 1064 2355 1155 2421; x_wconf 85' lang='lat' dir='ltr'><strong>ipse</strong></span> 
     </span>
     <span class='ocr_line' id='line_1_36' title="bbox 302 2419 1156 2486; baseline -0.002 -13"><span class='ocrx_word' id='word_1_186' title='bbox 302 2419 917 2486; x_wconf 83' lang='lat' dir='ltr'><strong>StygiusArchi-Didascalus</strong></span> <span class='ocrx_word' id='word_1_187' title='bbox 937 2423 1050 2486; x_wconf 89' lang='lat' dir='ltr'><strong>quid</strong></span> <span class='ocrx_word' id='word_1_188' title='bbox 1059 2439 1156 2471; x_wconf 87' lang='lat' dir='ltr'><strong>non</strong></span> 
     </span>
     <span class='ocr_line' id='line_1_37' title="bbox 304 2488 1156 2550; baseline 0 -14"><span class='ocrx_word' id='word_1_189' title='bbox 304 2501 468 2546; x_wconf 84' lang='lat' dir='ltr'><strong>tentat,</strong></span> <span class='ocrx_word' id='word_1_190' title='bbox 501 2500 554 2536; x_wconf 91' lang='lat' dir='ltr'><strong>ut</strong></span> <span class='ocrx_word' id='word_1_191' title='bbox 566 2502 730 2535; x_wconf 83' lang='lat' dir='ltr'><strong>omnes</strong></span> <span class='ocrx_word' id='word_1_192' title='bbox 743 2489 915 2535; x_wconf 87' lang='lat' dir='ltr'><strong>tentet?</strong></span> <span class='ocrx_word' id='word_1_193' title='bbox 935 2488 1047 2550; x_wconf 86' lang='lat' dir='ltr'><strong>quid</strong></span> <span class='ocrx_word' id='word_1_194' title='bbox 1059 2505 1156 2536; x_wconf 91' lang='lat' dir='ltr'><strong>non</strong></span> 
     </span>
     <span class='ocr_line' id='line_1_38' title="bbox 301 2550 1156 2616; baseline -0.001 -15"><span class='ocrx_word' id='word_1_195' title='bbox 301 2555 496 2601; x_wconf 83' lang='lat' dir='ltr'><strong>molitur</strong></span> <span class='ocrx_word' id='word_1_196' title='bbox 513 2591 526 2610; x_wconf 95' lang='lat'>‚</span> <span class='ocrx_word' id='word_1_197' title='bbox 565 2566 617 2601; x_wconf 91' lang='lat' dir='ltr'><strong>ut</strong></span> <span class='ocrx_word' id='word_1_198' title='bbox 642 2550 808 2601; x_wconf 88' lang='lat' dir='ltr'><strong>Christi</strong></span> <span class='ocrx_word' id='word_1_199' title='bbox 836 2554 1050 2616; x_wconf 82' lang='lat' dir='ltr'>Regnum</span> <span class='ocrx_word' id='word_1_200' title='bbox 1073 2553 1156 2602; x_wconf 89' lang='lat' dir='ltr'><strong>de-</strong></span> 
     </span>
     <span class='ocr_line' id='line_1_39' title="bbox 303 2617 1159 2681; baseline -0.001 -15"><span class='ocrx_word' id='word_1_201' title='bbox 303 2619 555 2666; x_wconf 86' lang='lat' dir='ltr'><strong>moliatur?</strong></span> <span class='ocrx_word' id='word_1_202' title='bbox 591 2617 702 2681; x_wconf 85' lang='lat' dir='ltr'><strong>quid</strong></span> <span class='ocrx_word' id='word_1_203' title='bbox 738 2634 833 2665; x_wconf 89' lang='lat' dir='ltr'><strong>non</strong></span> <span class='ocrx_word' id='word_1_204' title='bbox 857 2619 981 2681; x_wconf 83' lang='lat' dir='ltr'><strong>agit,</strong></span> <span class='ocrx_word' id='word_1_205' title='bbox 1017 2631 1071 2666; x_wconf 93' lang='lat' dir='ltr'><strong>ut</strong></span> <span class='ocrx_word' id='word_1_206' title='bbox 1101 2636 1159 2665; x_wconf 63' lang='lat' dir='ltr'><strong>o-&gt;</strong></span> 
     </span>
     <span class='ocr_line' id='line_1_40' title="bbox 303 2684 1154 2749; baseline -0.002 -14"><span class='ocrx_word' id='word_1_207' title='bbox 303 2699 436 2735; x_wconf 87' lang='lat' dir='ltr'><strong>mnes</strong></span> <span class='ocrx_word' id='word_1_208' title='bbox 448 2695 550 2749; x_wconf 83' lang='lat' dir='ltr'><strong>agat</strong></span> <span class='ocrx_word' id='word_1_209' title='bbox 560 2687 611 2731; x_wconf 47' lang='lat' dir='ltr'><strong>in&gt;</strong></span> <span class='ocrx_word' id='word_1_210' title='bbox 617 2685 914 2748; x_wconf 76' lang='lat' dir='ltr'><strong>praecipitium</strong></span> <span class='ocrx_word' id='word_1_211' title='bbox 931 2684 1154 2734; x_wconf 81' lang='lat' dir='ltr'><strong>barathri?</strong></span> 
     </span>
    </p>
   </div>
   <div class='ocr_carea' id='block_1_5' title="bbox 986 78 1534 149">
    <p class='ocr_par' dir='ltr' id='par_1_5' title="bbox 986 78 1534 149">
     <span class='ocr_line' id='line_1_41' title="bbox 986 78 1534 149; baseline 0 -15"><span class='ocrx_word' id='word_1_212' title='bbox 986 82 1102 134; x_wconf 62' lang='grc' dir='ltr'><strong>(ἵνα</strong></span> <span class='ocrx_word' id='word_1_213' title='bbox 1122 78 1421 149; x_wconf 63' lang='lat' dir='ltr'><strong>philosophica.</strong></span> <span class='ocrx_word' id='word_1_214' title='bbox 1532 112 1534 114; x_wconf 89' lang='lat'><em>-</em></span> 
     </span>
    </p>
   </div>
   <div class='ocr_carea' id='block_1_6' title="bbox 1203 199 2072 334">
    <p class='ocr_par' dir='ltr' id='par_1_6' title="bbox 1203 199 2072 334">
     <span class='ocr_line' id='line_1_42' title="bbox 1203 199 2071 268; baseline 0 -19"><span class='ocrx_word' id='word_1_215' title='bbox 1203 200 1264 249; x_wconf 85' lang='lat' dir='ltr'><strong>nil</strong></span> <span class='ocrx_word' id='word_1_216' title='bbox 1287 211 1383 248; x_wconf 84' lang='lat' dir='ltr'><strong>tam</strong></span> <span class='ocrx_word' id='word_1_217' title='bbox 1404 199 1600 251; x_wconf 82' lang='lat' dir='ltr'><strong>arduum</strong></span> <span class='ocrx_word' id='word_1_218' title='bbox 1620 240 1635 260; x_wconf 87' lang='lat'><strong>,</strong></span> <span class='ocrx_word' id='word_1_219' title='bbox 1686 201 1814 268; x_wconf 84' lang='lat' dir='ltr'><strong>quod</strong></span> <span class='ocrx_word' id='word_1_220' title='bbox 1832 220 1927 253; x_wconf 87' lang='lat' dir='ltr'><strong>non</strong></span> <span class='ocrx_word' id='word_1_221' title='bbox 1950 221 2071 268; x_wconf 52' lang='lat' dir='ltr'><strong>per-2</strong></span> 
     </span>
     <span class='ocr_line' id='line_1_43' title="bbox 1204 267 2072 334; baseline 0.006 -20"><span class='ocrx_word' id='word_1_222' title='bbox 1204 269 1405 329; x_wconf 84' lang='lat' dir='ltr'><strong>rumpit:</strong></span> <span class='ocrx_word' id='word_1_223' title='bbox 1440 268 1504 326; x_wconf 79' lang='lat' dir='ltr'><strong>nil</strong></span> <span class='ocrx_word' id='word_1_224' title='bbox 1532 280 1628 316; x_wconf 85' lang='lat' dir='ltr'><strong>tam</strong></span> <span class='ocrx_word' id='word_1_225' title='bbox 1651 267 1856 318; x_wconf 62' lang='lat' dir='ltr'><strong>sand&#39;tum</strong></span> <span class='ocrx_word' id='word_1_226' title='bbox 1873 308 1887 327; x_wconf 83' lang='lat'><strong>,</strong></span> <span class='ocrx_word' id='word_1_227' title='bbox 1923 270 2072 334; x_wconf 66' lang='lat' dir='ltr'><strong>quod</strong></span> 
     </span>
    </p>
   </div>
   <div class='ocr_carea' id='block_1_7' title="bbox 1204 334 2068 1048">
    <p class='ocr_par' dir='ltr' id='par_1_7' title="bbox 1204 334 2068 1048">
     <span class='ocr_line' id='line_1_44' title="bbox 1204 334 2068 394; baseline 0.003 -15"><span class='ocrx_word' id='word_1_228' title='bbox 1204 348 1300 379; x_wconf 87' lang='lat' dir='ltr'><strong>non</strong></span> <span class='ocrx_word' id='word_1_229' title='bbox 1311 334 1560 394; x_wconf 86' lang='lat' dir='ltr'><strong>corrumpit</strong></span> <span class='ocrx_word' id='word_1_230' title='bbox 1573 348 1592 379; x_wconf 73' lang='grc' dir='ltr'><strong>ε.</strong></span> <span class='ocrx_word' id='word_1_231' title='bbox 1606 335 1671 382; x_wconf 88' lang='lat' dir='ltr'><strong>nil</strong></span> <span class='ocrx_word' id='word_1_232' title='bbox 1683 347 1777 383; x_wconf 88' lang='lat' dir='ltr'><strong>tam</strong></span> <span class='ocrx_word' id='word_1_233' title='bbox 1788 335 2053 393; x_wconf 87' lang='lat' dir='ltr'><strong>molestum,</strong></span> <span class='ocrx_word' id='word_1_234' title='bbox 2066 380 2068 382; x_wconf 84' lang='lat'>.</span> 
     </span>
     <span class='ocr_line' id='line_1_45' title="bbox 1205 394 2055 460; baseline 0.008 -17"><span class='ocrx_word' id='word_1_235' title='bbox 1205 396 1333 460; x_wconf 89' lang='lat' dir='ltr'><strong>quod</strong></span> <span class='ocrx_word' id='word_1_236' title='bbox 1351 412 1444 443; x_wconf 89' lang='lat' dir='ltr'><strong>non</strong></span> <span class='ocrx_word' id='word_1_237' title='bbox 1456 394 1608 445; x_wconf 88' lang='lat' dir='ltr'><strong>suffert</strong></span> <span class='ocrx_word' id='word_1_238' title='bbox 1628 414 1639 445; x_wconf 91' lang='lat'><strong>:</strong></span> <span class='ocrx_word' id='word_1_239' title='bbox 1673 402 1736 448; x_wconf 86' lang='lat' dir='ltr'><strong>nil</strong></span> <span class='ocrx_word' id='word_1_240' title='bbox 1755 415 1852 449; x_wconf 81' lang='lat' dir='ltr'><strong>tam</strong></span> <span class='ocrx_word' id='word_1_241' title='bbox 1861 402 2055 459; x_wconf 77' lang='lat' dir='ltr'><strong>humile.</strong></span> 
     </span>
     <span class='ocr_line' id='line_1_46' title="bbox 1207 458 2054 529; baseline 0.008 -20"><span class='ocrx_word' id='word_1_242' title='bbox 1207 461 1336 525; x_wconf 90' lang='lat' dir='ltr'><strong>quod</strong></span> <span class='ocrx_word' id='word_1_243' title='bbox 1372 458 1586 524; x_wconf 85' lang='lat' dir='ltr'><strong>suspicere</strong></span> <span class='ocrx_word' id='word_1_244' title='bbox 1618 468 1767 515; x_wconf 86' lang='lat' dir='ltr'><strong>renuit</strong></span> <span class='ocrx_word' id='word_1_245' title='bbox 1792 469 2021 529; x_wconf 82' lang='lat' dir='ltr'><strong>Superbus</strong></span> <span class='ocrx_word' id='word_1_246' title='bbox 2039 504 2054 523; x_wconf 89' lang='lat'><strong>.</strong></span> 
     </span>
     <span class='ocr_line' id='line_1_47' title="bbox 1205 524 2067 594; baseline 0.008 -20"><span class='ocrx_word' id='word_1_247' title='bbox 1205 525 1353 574; x_wconf 76' lang='lat' dir='ltr'><strong>modo</strong></span> <span class='ocrx_word' id='word_1_248' title='bbox 1380 524 1532 574; x_wconf 86' lang='lat' dir='ltr'><strong>nostra</strong></span> <span class='ocrx_word' id='word_1_249' title='bbox 1557 542 1770 590; x_wconf 89' lang='lat' dir='ltr'><strong>procuret</strong></span> <span class='ocrx_word' id='word_1_250' title='bbox 1788 530 2017 594; x_wconf 86' lang='lat' dir='ltr'><strong>dispendia</strong></span> <span class='ocrx_word' id='word_1_251' title='bbox 2039 562 2067 589; x_wconf 87' lang='grc'><strong>.-</strong></span> 
     </span>
     <span class='ocr_line' id='line_1_48' title="bbox 1207 594 2056 660; baseline 0.005 -19"><span class='ocrx_word' id='word_1_252' title='bbox 1207 595 1347 655; x_wconf 88' lang='lat' dir='ltr'><strong>&amp;per</strong></span> <span class='ocrx_word' id='word_1_253' title='bbox 1363 607 1485 639; x_wconf 85' lang='lat' dir='ltr'><strong>nova</strong></span> <span class='ocrx_word' id='word_1_254' title='bbox 1497 604 1730 643; x_wconf 86' lang='lat' dir='ltr'><strong>tormenta</strong></span> <span class='ocrx_word' id='word_1_255' title='bbox 1745 633 1758 652; x_wconf 93' lang='lat'><strong>,</strong></span> <span class='ocrx_word' id='word_1_256' title='bbox 1789 594 1940 644; x_wconf 85' lang='lat' dir='ltr'><strong>nostra</strong></span> <span class='ocrx_word' id='word_1_257' title='bbox 1948 613 2056 660; x_wconf 90' lang='lat' dir='ltr'><strong>pro-</strong></span> 
     </span>
     <span class='ocr_line' id='line_1_49' title="bbox 1206 656 2055 710; baseline 0.004 -5"><span class='ocrx_word' id='word_1_258' title='bbox 1206 668 1396 705; x_wconf 86' lang='lat' dir='ltr'><strong>moveat</strong></span> <span class='ocrx_word' id='word_1_259' title='bbox 1413 656 1702 707; x_wconf 82' lang='lat' dir='ltr'><strong>detrimenta.</strong></span> <span class='ocrx_word' id='word_1_260' title='bbox 1768 663 1827 709; x_wconf 86' lang='lat' dir='ltr'><strong>Et</strong></span> <span class='ocrx_word' id='word_1_261' title='bbox 1842 677 1928 709; x_wconf 90' lang='lat' dir='ltr'><strong>nos</strong></span> <span class='ocrx_word' id='word_1_262' title='bbox 1953 663 2055 710; x_wconf 85' lang='lat' dir='ltr'><strong>Phi-</strong></span> 
     </span>
     <span class='ocr_line' id='line_1_50' title="bbox 1204 719 2056 786; baseline 0.007 -16"><span class='ocrx_word' id='word_1_263' title='bbox 1204 719 1387 784; x_wconf 86' lang='lat' dir='ltr'><strong>losophi</strong></span> <span class='ocrx_word' id='word_1_264' title='bbox 1412 722 1503 769; x_wconf 81' lang='lat' dir='ltr'><strong>haec</strong></span> <span class='ocrx_word' id='word_1_265' title='bbox 1537 720 1756 786; x_wconf 72' lang='lat' dir='ltr'><strong>impune?</strong></span> <span class='ocrx_word' id='word_1_266' title='bbox 1787 724 2017 776; x_wconf 73' lang='lat' dir='ltr'><strong>stertimus</strong></span> <span class='ocrx_word' id='word_1_267' title='bbox 2042 764 2056 784; x_wconf 86' lang='lat'><strong>.</strong></span> 
     </span>
     <span class='ocr_line' id='line_1_51' title="bbox 1206 786 2058 850; baseline 0.007 -17"><span class='ocrx_word' id='word_1_268' title='bbox 1206 804 1263 834; x_wconf 91' lang='lat' dir='ltr'><strong>ne</strong></span> <span class='ocrx_word' id='word_1_269' title='bbox 1273 786 1416 834; x_wconf 90' lang='lat' dir='ltr'><strong>hostis</strong></span> <span class='ocrx_word' id='word_1_270' title='bbox 1425 788 1605 850; x_wconf 83' lang='lat' dir='ltr'><strong>pedicas</strong></span> <span class='ocrx_word' id='word_1_271' title='bbox 1617 789 1911 840; x_wconf 82' lang='lat' dir='ltr'><strong>advertamus</strong></span> <span class='ocrx_word' id='word_1_272' title='bbox 1924 809 1934 838; x_wconf 78' lang='grc' dir='ltr'><strong><em>ι</em></strong></span> <span class='ocrx_word' id='word_1_273' title='bbox 1951 792 2058 839; x_wconf 87' lang='lat' dir='ltr'><strong>dot-</strong></span> 
     </span>
     <span class='ocr_line' id='line_1_52' title="bbox 1208 855 2058 920; baseline 0.007 -21"><span class='ocrx_word' id='word_1_274' title='bbox 1208 855 1455 908; x_wconf 85' lang='lat' dir='ltr'><strong>mimus,ne</strong></span> <span class='ocrx_word' id='word_1_275' title='bbox 1466 855 1589 902; x_wconf 82' lang='lat' dir='ltr'><strong>iilius</strong></span> <span class='ocrx_word' id='word_1_276' title='bbox 1603 857 1839 905; x_wconf 84' lang='lat' dir='ltr'><strong>turbemus</strong></span> <span class='ocrx_word' id='word_1_277' title='bbox 1854 858 2058 920; x_wconf 84' lang='lat' dir='ltr'><strong>vigilias:</strong></span> 
     </span>
     <span class='ocr_line' id='line_1_53' title="bbox 1207 919 2063 984; baseline 0.007 -20"><span class='ocrx_word' id='word_1_278' title='bbox 1207 919 1438 981; x_wconf 82' lang='lat' dir='ltr'><strong>jocamur,</strong></span> <span class='ocrx_word' id='word_1_279' title='bbox 1474 920 1616 982; x_wconf 89' lang='lat' dir='ltr'><strong>utille</strong></span> <span class='ocrx_word' id='word_1_280' title='bbox 1633 919 1748 970; x_wconf 75' lang='lat' dir='ltr'><strong>serio</strong></span> <span class='ocrx_word' id='word_1_281' title='bbox 1768 938 1854 970; x_wconf 92' lang='lat' dir='ltr'><strong>nos</strong></span> <span class='ocrx_word' id='word_1_282' title='bbox 1879 938 2063 984; x_wconf 87' lang='lat' dir='ltr'><strong>perver-</strong></span> 
     </span>
     <span class='ocr_line' id='line_1_54' title="bbox 1212 985 2067 1048; baseline 0.005 -18"><span class='ocrx_word' id='word_1_283' title='bbox 1212 995 1300 1031; x_wconf 86' lang='lat' dir='ltr'><strong>tat:</strong></span> <span class='ocrx_word' id='word_1_284' title='bbox 1347 996 1530 1046; x_wconf 83' lang='lat' dir='ltr'><strong>tempus</strong></span> <span class='ocrx_word' id='word_1_285' title='bbox 1542 985 1851 1048; x_wconf 86' lang='lat' dir='ltr'><strong>deperdimus‚</strong></span> <span class='ocrx_word' id='word_1_286' title='bbox 1886 998 1939 1034; x_wconf 89' lang='lat' dir='ltr'><strong>ut</strong></span> <span class='ocrx_word' id='word_1_287' title='bbox 1949 1002 2067 1034; x_wconf 85' lang='lat' dir='ltr'><strong>nun-</strong></span> 
     </span>
    </p>
   </div>
   <div class='ocr_carea' id='block_1_8' title="bbox 1211 1048 2067 1162">
    <p class='ocr_par' dir='ltr' id='par_1_8' title="bbox 1211 1048 2067 1162">
     <span class='ocr_line' id='line_1_55' title="bbox 1211 1048 2067 1122; baseline 0.007 -27"><span class='ocrx_word' id='word_1_288' title='bbox 1211 1048 1422 1122; x_wconf 78' lang='lat' dir='ltr'><strong>dinemur</strong></span> <span class='ocrx_word' id='word_1_289' title='bbox 1438 1066 1523 1113; x_wconf 92' lang='lat' dir='ltr'><strong>pro</strong></span> <span class='ocrx_word' id='word_1_290' title='bbox 1540 1052 1668 1098; x_wconf 84' lang='lat' dir='ltr'><strong>lucro</strong></span> <span class='ocrx_word' id='word_1_291' title='bbox 1681 1048 1921 1115; x_wconf 86' lang='lat' dir='ltr'><strong>peffimam</strong></span> <span class='ocrx_word' id='word_1_292' title='bbox 1939 1063 2067 1101; x_wconf 82' lang='lat' dir='ltr'><strong>aetet-</strong></span> 
     </span>
     <span class='ocr_line' id='line_1_56' title="bbox 1211 1126 1420 1162; baseline -0.01 0"><span class='ocrx_word' id='word_1_293' title='bbox 1211 1126 1420 1162; x_wconf 85' lang='lat' dir='ltr'><strong>nitatem.</strong></span> 
     </span>
    </p>
   </div>
   <div class='ocr_carea' id='block_1_9' title="bbox 1274 1181 2073 1243">
    <p class='ocr_par' dir='ltr' id='par_1_9' title="bbox 1274 1181 2073 1243">
     <span class='ocr_line' id='line_1_57' title="bbox 1274 1181 2073 1243; baseline 0.004 -16"><span class='ocrx_word' id='word_1_294' title='bbox 1274 1181 1445 1228; x_wconf 87' lang='lat' dir='ltr'><strong>LEUC</strong></span> <span class='ocrx_word' id='word_1_295' title='bbox 1465 1194 1483 1226; x_wconf 89' lang='lat'><strong>:-</strong></span> <span class='ocrx_word' id='word_1_296' title='bbox 1510 1181 1570 1228; x_wconf 85' lang='lat' dir='ltr'><strong>Et</strong></span> <span class='ocrx_word' id='word_1_297' title='bbox 1589 1181 1719 1243; x_wconf 89' lang='lat' dir='ltr'><strong>quod</strong></span> <span class='ocrx_word' id='word_1_298' title='bbox 1752 1193 1946 1230; x_wconf 83' lang='lat' dir='ltr'><strong>veterno</strong></span> <span class='ocrx_word' id='word_1_299' title='bbox 1971 1193 2073 1231; x_wconf 78' lang='lat' dir='ltr'><strong>tam-</strong></span> 
     </span>
    </p>
   </div>
   <div class='ocr_carea' id='block_1_10' title="bbox 1211 1242 2070 1900">
    <p class='ocr_par' dir='ltr' id='par_1_10' title="bbox 1211 1242 2070 1900">
     <span class='ocr_line' id='line_1_58' title="bbox 1212 1242 2069 1308; baseline 0.006 -17"><span class='ocrx_word' id='word_1_300' title='bbox 1212 1246 1358 1292; x_wconf 85' lang='lat' dir='ltr'><strong>noxio</strong></span> <span class='ocrx_word' id='word_1_301' title='bbox 1375 1257 1424 1292; x_wconf 90' lang='lat' dir='ltr'><strong>tu</strong></span> <span class='ocrx_word' id='word_1_302' title='bbox 1435 1242 1672 1308; x_wconf 86' lang='lat' dir='ltr'><strong>praescribis</strong></span> <span class='ocrx_word' id='word_1_303' title='bbox 1693 1247 2069 1296; x_wconf 83' lang='lat' dir='ltr'><strong>Alexi-Pharma-</strong></span> 
     </span>
     <span class='ocr_line' id='line_1_59' title="bbox 1213 1310 2070 1375; baseline 0.004 -18"><span class='ocrx_word' id='word_1_304' title='bbox 1213 1325 1317 1357; x_wconf 89' lang='lat' dir='ltr'><strong>cum</strong></span> <span class='ocrx_word' id='word_1_305' title='bbox 1337 1311 1352 1358; x_wconf 83' lang='lat'>?</span> <span class='ocrx_word' id='word_1_306' title='bbox 1396 1319 1509 1357; x_wconf 63' lang='lat' dir='ltr'><strong>Am</strong></span> <span class='ocrx_word' id='word_1_307' title='bbox 1527 1332 1537 1354; x_wconf 92' lang='lat'><strong>.·</strong></span> <span class='ocrx_word' id='word_1_308' title='bbox 1559 1313 1754 1360; x_wconf 85' lang='lat' dir='ltr'><strong>Lethale</strong></span> <span class='ocrx_word' id='word_1_309' title='bbox 1772 1310 1836 1360; x_wconf 87' lang='lat' dir='ltr'><strong>est</strong></span> <span class='ocrx_word' id='word_1_310' title='bbox 1845 1313 1934 1360; x_wconf 87' lang='lat' dir='ltr'><strong>hoc</strong></span> <span class='ocrx_word' id='word_1_311' title='bbox 1946 1310 2070 1375; x_wconf 82' lang='lat' dir='ltr'><strong>sym-</strong></span> 
     </span>
     <span class='ocr_line' id='line_1_60' title="bbox 1212 1373 2070 1439; baseline 0 -15"><span class='ocrx_word' id='word_1_312' title='bbox 1212 1389 1396 1439; x_wconf 85' lang='lat' dir='ltr'><strong>ptoma:</strong></span> <span class='ocrx_word' id='word_1_313' title='bbox 1417 1373 1523 1423; x_wconf 71' lang='lat' dir='ltr'><strong>raro</strong></span> <span class='ocrx_word' id='word_1_314' title='bbox 1546 1375 1736 1439; x_wconf 84' lang='lat' dir='ltr'><strong>prosunt</strong></span> <span class='ocrx_word' id='word_1_315' title='bbox 1746 1378 1961 1425; x_wconf 83' lang='lat' dir='ltr'><strong>remedia.</strong></span> <span class='ocrx_word' id='word_1_316' title='bbox 1981 1379 2070 1425; x_wconf 79' lang='lat' dir='ltr'><strong>Ni·-</strong></span> 
     </span>
     <span class='ocr_line' id='line_1_61' title="bbox 1213 1441 2068 1491; baseline 0.001 -2"><span class='ocrx_word' id='word_1_317' title='bbox 1213 1441 1242 1489; x_wconf 81' lang='lat' dir='ltr'><strong>si</strong></span> <span class='ocrx_word' id='word_1_318' title='bbox 1258 1443 1378 1488; x_wconf 78' lang='lat' dir='ltr'><strong>enim</strong></span> <span class='ocrx_word' id='word_1_319' title='bbox 1401 1453 1472 1488; x_wconf 89' lang='lat' dir='ltr'><strong>tot</strong></span> <span class='ocrx_word' id='word_1_320' title='bbox 1490 1443 1576 1489; x_wconf 86' lang='lat' dir='ltr'><strong>otii</strong></span> <span class='ocrx_word' id='word_1_321' title='bbox 1593 1441 1761 1490; x_wconf 80' lang='lat' dir='ltr'><strong>damna</strong></span> <span class='ocrx_word' id='word_1_322' title='bbox 1782 1458 1936 1491; x_wconf 88' lang='lat' dir='ltr'><strong>aurem</strong></span> <span class='ocrx_word' id='word_1_323' title='bbox 1956 1441 2068 1490; x_wconf 87' lang='lat' dir='ltr'><strong>ster-</strong></span> 
     </span>
     <span class='ocr_line' id='line_1_62' title="bbox 1214 1506 2068 1571; baseline 0 -17"><span class='ocrx_word' id='word_1_324' title='bbox 1214 1507 1327 1554; x_wconf 88' lang='lat' dir='ltr'><strong>tenti</strong></span> <span class='ocrx_word' id='word_1_325' title='bbox 1339 1507 1555 1554; x_wconf 82' lang='lat' dir='ltr'><strong>v-eliicent</strong></span> <span class='ocrx_word' id='word_1_326' title='bbox 1568 1545 1582 1563; x_wconf 89' lang='lat'><strong>,</strong></span> <span class='ocrx_word' id='word_1_327' title='bbox 1615 1506 1778 1555; x_wconf 87' lang='lat' dir='ltr'><strong>frustra</strong></span> <span class='ocrx_word' id='word_1_328' title='bbox 1796 1509 2068 1571; x_wconf 87' lang='lat' dir='ltr'><strong>tonabitJu-</strong></span> 
     </span>
     <span class='ocr_line' id='line_1_63' title="bbox 1211 1568 2068 1636; baseline 0.001 -18"><span class='ocrx_word' id='word_1_329' title='bbox 1211 1575 1328 1634; x_wconf 87' lang='lat' dir='ltr'><strong>piter</strong></span> <span class='ocrx_word' id='word_1_330' title='bbox 1346 1610 1358 1629; x_wconf 88' lang='lat'>‚</span> <span class='ocrx_word' id='word_1_331' title='bbox 1397 1568 1606 1635; x_wconf 79' lang='lat' dir='ltr'><strong>dissipare</strong></span> <span class='ocrx_word' id='word_1_332' title='bbox 1622 1589 1718 1620; x_wconf 91' lang='lat' dir='ltr'><strong>non</strong></span> <span class='ocrx_word' id='word_1_333' title='bbox 1751 1575 1925 1636; x_wconf 87' lang='lat' dir='ltr'><strong>poterit</strong></span> <span class='ocrx_word' id='word_1_334' title='bbox 1946 1573 2068 1620; x_wconf 79' lang='lat' dir='ltr'><strong>hunc</strong></span> 
     </span>
     <span class='ocr_line' id='line_1_64' title="bbox 1214 1635 2066 1686; baseline 0.002 -3"><span class='ocrx_word' id='word_1_335' title='bbox 1214 1649 1470 1685; x_wconf 86' lang='lat' dir='ltr'><strong>veternum.</strong></span> <span class='ocrx_word' id='word_1_336' title='bbox 1540 1638 1660 1686; x_wconf 83' lang='lat' dir='ltr'><strong>Illud</strong></span> <span class='ocrx_word' id='word_1_337' title='bbox 1670 1650 1825 1686; x_wconf 89' lang='lat' dir='ltr'><strong>tamen</strong></span> <span class='ocrx_word' id='word_1_338' title='bbox 1841 1635 1914 1686; x_wconf 79' lang='lat' dir='ltr'><strong>hic</strong></span> <span class='ocrx_word' id='word_1_339' title='bbox 1924 1639 2066 1685; x_wconf 84' lang='lat' dir='ltr'><strong>velim</strong></span> 
     </span>
     <span class='ocr_line' id='line_1_65' title="bbox 1213 1702 2064 1773; baseline 0 -23"><span class='ocrx_word' id='word_1_340' title='bbox 1213 1702 1424 1750; x_wconf 85' lang='lat' dir='ltr'><strong>advertas</strong></span> <span class='ocrx_word' id='word_1_341' title='bbox 1462 1740 1475 1760; x_wconf 93' lang='lat'><strong><em>‚</em></strong></span> <span class='ocrx_word' id='word_1_342' title='bbox 1543 1707 1691 1752; x_wconf 78' lang='lat' dir='ltr'><strong>Otium</strong></span> <span class='ocrx_word' id='word_1_343' title='bbox 1722 1702 1978 1773; x_wconf 67' lang='lat' dir='ltr'><strong>negotiosum</strong></span> <span class='ocrx_word' id='word_1_344' title='bbox 2004 1719 2064 1750; x_wconf 63' lang='lat' dir='ltr'><strong>&gt;o-</strong></span> 
     </span>
     <span class='ocr_line' id='line_1_66' title="bbox 1211 1764 2065 1831; baseline 0 -17"><span class='ocrx_word' id='word_1_345' title='bbox 1211 1770 1391 1815; x_wconf 88' lang='lat' dir='ltr'><strong>mnium</strong></span> <span class='ocrx_word' id='word_1_346' title='bbox 1421 1764 1682 1831; x_wconf 86' lang='lat' dir='ltr'><strong>pesfimum.</strong></span> <span class='ocrx_word' id='word_1_347' title='bbox 1789 1773 1905 1818; x_wconf 87' lang='lat' dir='ltr'><strong>Sunt</strong></span> <span class='ocrx_word' id='word_1_348' title='bbox 1932 1806 1944 1825; x_wconf 82' lang='lat'><strong>,</strong></span> <span class='ocrx_word' id='word_1_349' title='bbox 1984 1768 2065 1831; x_wconf 92' lang='lat' dir='ltr'><strong>qui</strong></span> 
     </span>
     <span class='ocr_line' id='line_1_67' title="bbox 1212 1835 2064 1900; baseline -0.001 -19"><span class='ocrx_word' id='word_1_350' title='bbox 1212 1836 1346 1896; x_wconf 74' lang='lat' dir='ltr'><strong>otiofis</strong></span> <span class='ocrx_word' id='word_1_351' title='bbox 1378 1835 1703 1900; x_wconf 53' lang='lat' dir='ltr'><strong>cogitationibus</strong></span> <span class='ocrx_word' id='word_1_352' title='bbox 1741 1837 1947 1883; x_wconf 82' lang='lat' dir='ltr'><strong>animum</strong></span> <span class='ocrx_word' id='word_1_353' title='bbox 1984 1849 2064 1880; x_wconf 89' lang='lat' dir='ltr'><strong>oc-</strong></span> 
     </span>
    </p>
   </div>
   <div class='ocr_carea' id='block_1_11' title="bbox 1205 2027 2066 2161">
    <p class='ocr_par' dir='ltr' id='par_1_11' title="bbox 1205 2027 2066 2161">
     <span class='ocr_line' id='line_1_68' title="bbox 1211 2027 2066 2091; baseline -0.004 -11"><span class='ocrx_word' id='word_1_354' title='bbox 1211 2036 1361 2080; x_wconf 63' lang='lat' dir='ltr'><strong>Deus</strong></span> <span class='ocrx_word' id='word_1_355' title='bbox 1392 2027 1597 2079; x_wconf 77' lang='lat' dir='ltr'><strong>hominem</strong></span> <span class='ocrx_word' id='word_1_356' title='bbox 1630 2032 1783 2081; x_wconf 64' lang='lat' dir='ltr'><strong>refi&#39;um</strong></span> <span class='ocrx_word' id='word_1_357' title='bbox 1817 2070 1832 2091; x_wconf 88' lang='lat'><strong>,</strong></span> <span class='ocrx_word' id='word_1_358' title='bbox 1892 2031 1951 2089; x_wconf 76' lang='lat'><em>&amp;</em></span> <span class='ocrx_word' id='word_1_359' title='bbox 1980 2032 2066 2088; x_wconf 73' lang='lat' dir='ltr'><strong>ipse.</strong></span> 
     </span>
     <span class='ocr_line' id='line_1_69' title="bbox 1205 2095 2062 2161; baseline -0.001 -17"><span class='ocrx_word' id='word_1_360' title='bbox 1205 2098 1246 2155; x_wconf 17' lang='lat' dir='ltr'><strong>‘se</strong></span> <span class='ocrx_word' id='word_1_361' title='bbox 1294 2097 1462 2152; x_wconf 74' lang='lat' dir='ltr'><strong>infinitis</strong></span> <span class='ocrx_word' id='word_1_362' title='bbox 1512 2098 1716 2152; x_wconf 74' lang='lat' dir='ltr'><strong>miscuerit</strong></span> <span class='ocrx_word' id='word_1_363' title='bbox 1763 2095 2062 2161; x_wconf 74' lang='lat' dir='ltr'><strong>questionibus.</strong></span> 
     </span>
    </p>
   </div>
   <div class='ocr_carea' id='block_1_12' title="bbox 1211 2162 2143 2224">
    <p class='ocr_par' dir='ltr' id='par_1_12' title="bbox 1211 2162 2143 2224">
     <span class='ocr_line' id='line_1_70' title="bbox 1211 2162 2143 2224; baseline -0.003 -15"><span class='ocrx_word' id='word_1_364' title='bbox 1211 2163 1325 2210; x_wconf 86' lang='lat' dir='ltr'><strong>Sunt</strong></span> <span class='ocrx_word' id='word_1_365' title='bbox 1344 2199 1356 2217; x_wconf 83' lang='lat'><strong>,</strong></span> <span class='ocrx_word' id='word_1_366' title='bbox 1385 2162 1465 2224; x_wconf 85' lang='lat' dir='ltr'><strong>qui</strong></span> <span class='ocrx_word' id='word_1_367' title='bbox 1487 2162 1624 2208; x_wconf 74' lang='lat' dir='ltr'><strong>verbis</strong></span> <span class='ocrx_word' id='word_1_368' title='bbox 1644 2162 1860 2210; x_wconf 62' lang='lat' dir='ltr'><strong>inutilibut</strong></span> <span class='ocrx_word' id='word_1_369' title='bbox 1878 2174 2062 2223; x_wconf 80' lang='lat' dir='ltr'><strong>tempus</strong></span> <span class='ocrx_word' id='word_1_370' title='bbox 2139 2195 2143 2198; x_wconf 78' lang='lat'><em>-</em></span> 
     </span>
    </p>
   </div>
   <div class='ocr_carea' id='block_1_13' title="bbox 1212 2225 2061 2282">
    <p class='ocr_par' dir='ltr' id='par_1_13' title="bbox 1212 2225 2061 2282">
     <span class='ocr_line' id='line_1_71' title="bbox 1212 2225 2061 2282; baseline -0.001 -9"><span class='ocrx_word' id='word_1_371' title='bbox 1212 2229 1394 2274; x_wconf 76' lang='lat' dir='ltr'><strong>terunt.&#39;</strong></span> <span class='ocrx_word' id='word_1_372' title='bbox 1449 2228 1534 2274; x_wconf 86' lang='lat' dir='ltr'><strong>His</strong></span> <span class='ocrx_word' id='word_1_373' title='bbox 1557 2228 1691 2275; x_wconf 86' lang='lat' dir='ltr'><strong>verba</strong></span> <span class='ocrx_word' id='word_1_374' title='bbox 1713 2229 1804 2275; x_wconf 83' lang='lat' dir='ltr'><strong>haec</strong></span> <span class='ocrx_word' id='word_1_375' title='bbox 1825 2225 2030 2276; x_wconf 83' lang='lat' dir='ltr'><strong>Christus</strong></span> <span class='ocrx_word' id='word_1_376' title='bbox 2047 2262 2061 2282; x_wconf 87' lang='lat'><strong>,</strong></span> 
     </span>
    </p>
   </div>
   <div class='ocr_carea' id='block_1_14' title="bbox 1210 2287 2244 2424">
    <p class='ocr_par' dir='ltr' id='par_1_14' title="bbox 1210 2287 2244 2424">
     <span class='ocr_line' id='line_1_72' title="bbox 1211 2287 2244 2354; baseline 0.001 -15"><span class='ocrx_word' id='word_1_377' title='bbox 1211 2287 1400 2340; x_wconf 67' lang='lat' dir='ltr'><strong>minime</strong></span> <span class='ocrx_word' id='word_1_378' title='bbox 1418 2289 1580 2340; x_wconf 84' lang='lat' dir='ltr'><strong>otiosa.</strong></span> <span class='ocrx_word' id='word_1_379' title='bbox 1621 2298 1732 2342; x_wconf 80' lang='lat' dir='ltr'><strong>Dico</strong></span> <span class='ocrx_word' id='word_1_380' title='bbox 1748 2303 1887 2342; x_wconf 74' lang='lat' dir='ltr'><strong>autem</strong></span> <span class='ocrx_word' id='word_1_381' title='bbox 1901 2292 2023 2340; x_wconf 68' lang='lat' dir='ltr'><strong>vobis</strong></span> <span class='ocrx_word' id='word_1_382' title='bbox 2047 2329 2061 2349; x_wconf 90' lang='lat'><strong>,</strong></span> <span class='ocrx_word' id='word_1_383' title='bbox 2081 2296 2244 2354; x_wconf 55' lang='lat' dir='ltr'><strong>March,</strong></span> 
     </span>
     <span class='ocr_line' id='line_1_73' title="bbox 1210 2360 2142 2424; baseline 0.001 -19"><span class='ocrx_word' id='word_1_384' title='bbox 1210 2363 1405 2424; x_wconf 77' lang='lat' dir='ltr'><strong>quoniam</strong></span> <span class='ocrx_word' id='word_1_385' title='bbox 1451 2372 1572 2405; x_wconf 83' lang='lat' dir='ltr'><strong>omne</strong></span> <span class='ocrx_word' id='word_1_386' title='bbox 1611 2362 1786 2407; x_wconf 76' lang='lat' dir='ltr'><strong>verbum</strong></span> <span class='ocrx_word' id='word_1_387' title='bbox 1837 2360 2012 2420; x_wconf 73' lang='lat' dir='ltr'><strong>otiosum</strong></span> <span class='ocrx_word' id='word_1_388' title='bbox 2047 2390 2059 2413; x_wconf 87' lang='lat'><em>‚</em></span> <span class='ocrx_word' id='word_1_389' title='bbox 2083 2378 2142 2419; x_wconf 80' lang='lat'><strong>1‘2</strong></span> 
     </span>
    </p>
   </div>
   <div class='ocr_carea' id='block_1_15' title="bbox 1209 2421 2064 2815">
    <p class='ocr_par' dir='ltr' id='par_1_15' title="bbox 1209 2421 2064 2752">
     <span class='ocr_line' id='line_1_74' title="bbox 1211 2421 2061 2486; baseline 0.001 -16"><span class='ocrx_word' id='word_1_390' title='bbox 1211 2422 1324 2486; x_wconf 83' lang='lat' dir='ltr'><strong>quod</strong></span> <span class='ocrx_word' id='word_1_391' title='bbox 1349 2422 1480 2471; x_wconf 80' lang='lat' dir='ltr'><strong>locuti</strong></span> <span class='ocrx_word' id='word_1_392' title='bbox 1502 2424 1663 2484; x_wconf 76' lang='lat' dir='ltr'><strong>fuerint</strong></span> <span class='ocrx_word' id='word_1_393' title='bbox 1678 2421 1865 2472; x_wconf 77' lang='lat' dir='ltr'><strong>homines</strong></span> <span class='ocrx_word' id='word_1_394' title='bbox 1883 2456 1900 2482; x_wconf 82' lang='lat'><strong>,</strong></span> <span class='ocrx_word' id='word_1_395' title='bbox 1963 2421 2061 2471; x_wconf 77' lang='lat' dir='ltr'><strong>red-</strong></span> 
     </span>
     <span class='ocr_line' id='line_1_75' title="bbox 1210 2486 2062 2551; baseline 0.005 -16"><span class='ocrx_word' id='word_1_396' title='bbox 1210 2488 1309 2535; x_wconf 74' lang='lat' dir='ltr'><strong>dent</strong></span> <span class='ocrx_word' id='word_1_397' title='bbox 1334 2491 1540 2536; x_wconf 72' lang='lat' dir='ltr'><strong>rationem</strong></span> <span class='ocrx_word' id='word_1_398' title='bbox 1577 2489 1626 2536; x_wconf 86' lang='lat' dir='ltr'><strong>de</strong></span> <span class='ocrx_word' id='word_1_399' title='bbox 1661 2503 1710 2536; x_wconf 87' lang='lat' dir='ltr'><strong>eo</strong></span> <span class='ocrx_word' id='word_1_400' title='bbox 1738 2491 1779 2537; x_wconf 80' lang='lat' dir='ltr'><strong>in</strong></span> <span class='ocrx_word' id='word_1_401' title='bbox 1807 2488 1876 2536; x_wconf 77' lang='lat' dir='ltr'><strong>die</strong></span> <span class='ocrx_word' id='word_1_402' title='bbox 1902 2486 2062 2551; x_wconf 73' lang='lat' dir='ltr'><strong>iudicii·</strong></span> 
     </span>
     <span class='ocr_line' id='line_1_76' title="bbox 1210 2552 2062 2615; baseline -0.001 -13"><span class='ocrx_word' id='word_1_403' title='bbox 1210 2554 1419 2602; x_wconf 85' lang='lat' dir='ltr'><strong>Invenies</strong></span> <span class='ocrx_word' id='word_1_404' title='bbox 1439 2553 1518 2615; x_wconf 69' lang='lat' dir='ltr'><strong>qui</strong></span> <span class='ocrx_word' id='word_1_405' title='bbox 1544 2552 1674 2599; x_wconf 68' lang='lat' dir='ltr'><strong>*nutui</strong></span> <span class='ocrx_word' id='word_1_406' title='bbox 1694 2566 1816 2612; x_wconf 78' lang='lat' dir='ltr'><strong>opere</strong></span> <span class='ocrx_word' id='word_1_407' title='bbox 1826 2554 1963 2601; x_wconf 90' lang='lat' dir='ltr'><strong>horas</strong></span> <span class='ocrx_word' id='word_1_408' title='bbox 1973 2553 2062 2601; x_wconf 86' lang='lat' dir='ltr'><strong>fal-</strong></span> 
     </span>
     <span class='ocr_line' id='line_1_77' title="bbox 1210 2618 2061 2675; baseline -0.002 -8"><span class='ocrx_word' id='word_1_409' title='bbox 1210 2620 1312 2667; x_wconf 89' lang='lat' dir='ltr'><strong>lunt</strong></span> <span class='ocrx_word' id='word_1_410' title='bbox 1330 2635 1340 2665; x_wconf 93' lang='lat'><strong>:</strong></span> <span class='ocrx_word' id='word_1_411' title='bbox 1378 2618 1611 2665; x_wconf 88' lang='lat' dir='ltr'><strong>honorum</strong></span> <span class='ocrx_word' id='word_1_412' title='bbox 1622 2620 1805 2667; x_wconf 83' lang='lat' dir='ltr'><strong>umbras</strong></span> <span class='ocrx_word' id='word_1_413' title='bbox 1822 2630 2061 2675; x_wconf 83' lang='lat' dir='ltr'><strong>venantur,</strong></span> 
     </span>
     <span class='ocr_line' id='line_1_78' title="bbox 1209 2682 2064 2752; baseline -0.004 -19"><span class='ocrx_word' id='word_1_414' title='bbox 1209 2683 1476 2748; x_wconf 70' lang='lat' dir='ltr'><strong>divitiarum</strong></span> <span class='ocrx_word' id='word_1_415' title='bbox 1485 2684 1709 2748; x_wconf 84' lang='lat' dir='ltr'><strong>colligunt</strong></span> <span class='ocrx_word' id='word_1_416' title='bbox 1729 2682 1898 2752; x_wconf 85' lang='lat' dir='ltr'><strong>spinas:</strong></span> <span class='ocrx_word' id='word_1_417' title='bbox 1924 2684 2064 2731; x_wconf 79' lang='lat' dir='ltr'><strong>volu-</strong></span> 
     </span>
    </p>

    <p class='ocr_par' dir='ltr' id='par_1_16' title="bbox 1876 2760 2062 2815">
     <span class='ocr_line' id='line_1_79' title="bbox 1876 2760 2062 2815; baseline 0 -18"><span class='ocrx_word' id='word_1_418' title='bbox 1876 2760 2062 2815; x_wconf 77' lang='lat' dir='ltr'><strong>ptatum</strong></span> 
     </span>
    </p>
   </div>
   <div class='ocr_carea' id='block_1_16' title="bbox 2243 1857 2248 1975">
    <p class='ocr_par' dir='ltr' id='par_1_17' title="bbox 2243 1787 2248 1975">
     <span class='ocr_line' id='line_1_80' title="bbox 2243 1857 2248 1975; baseline 0 -177"><span class='ocrx_word' id='word_1_419' title='bbox 2243 1857 2248 1975; x_wconf 39' lang='grc' dir='ltr'>Ι</span> 
     </span>
    </p>
   </div>
   <div class='ocr_carea' id='block_1_17' title="bbox 1205 1898 2246 2041">
    <p class='ocr_par' dir='ltr' id='par_1_18' title="bbox 1205 1898 2246 2041">
     <span class='ocr_line' id='line_1_81' title="bbox 1211 1898 2242 1978; baseline 0.005 -32"><span class='ocrx_word' id='word_1_420' title='bbox 1211 1911 1377 1971; x_wconf 87' lang='lat' dir='ltr'><strong>cupant</strong></span> <span class='ocrx_word' id='word_1_421' title='bbox 1410 1937 1422 1957; x_wconf 91' lang='lat'><strong>,</strong></span> <span class='ocrx_word' id='word_1_422' title='bbox 1487 1898 1545 1946; x_wconf 93' lang='lat' dir='ltr'><strong>de</strong></span> <span class='ocrx_word' id='word_1_423' title='bbox 1596 1902 1762 1976; x_wconf 74' lang='lat' dir='ltr'><strong>quibus</strong></span> <span class='ocrx_word' id='word_1_424' title='bbox 1793 1902 2059 1975; x_wconf 68' lang='lat' dir='ltr'><strong>Salomon:</strong></span> <span class='ocrx_word' id='word_1_425' title='bbox 2080 1914 2184 1966; x_wconf 56' lang='lat'><strong>5001,</strong></span> <span class='ocrx_word' id='word_1_426' title='bbox 2201 1928 2242 1978; x_wconf 72' lang='lat'><strong>-7⁴</strong></span> 
     </span>
     <span class='ocr_line' id='line_1_82' title="bbox 1205 1963 2246 2041; baseline 0.003 -29"><span class='ocrx_word' id='word_1_427' title='bbox 1205 1968 1466 2026; x_wconf 72' lang='lat' dir='ltr'><strong>solummodo</strong></span> <span class='ocrx_word' id='word_1_428' title='bbox 1498 1963 1576 2012; x_wconf 80' lang='lat' dir='ltr'><strong>hoc</strong></span> <span class='ocrx_word' id='word_1_429' title='bbox 1598 1971 1741 2015; x_wconf 77' lang='lat' dir='ltr'><strong>mt‘eni</strong></span> <span class='ocrx_word' id='word_1_430' title='bbox 1773 1964 1886 2034; x_wconf 70' lang='lat' dir='ltr'><strong>quod</strong></span> <span class='ocrx_word' id='word_1_431' title='bbox 1910 1968 2060 2029; x_wconf 74' lang='lat' dir='ltr'><strong>fecerit</strong></span> <span class='ocrx_word' id='word_1_432' title='bbox 2079 1997 2126 2036; x_wconf 51' lang='lat' dir='ltr'><strong>v·</strong></span> <span class='ocrx_word' id='word_1_433' title='bbox 2159 1994 2246 2041; x_wconf 19' lang='lat'><strong>30·-</strong></span> 
     </span>
    </p>
   </div>
   <div class='ocr_carea' id='block_1_18' title="bbox 2144 2381 2243 2443">
    <p class='ocr_par' dir='ltr' id='par_1_19' title="bbox 2144 2381 2243 2443">
     <span class='ocr_line' id='line_1_83' title="bbox 2144 2381 2243 2443; baseline 0 -17"><span class='ocrx_word' id='word_1_434' title='bbox 2144 2381 2243 2443; x_wconf 59' lang='lat' dir='ltr'><strong>ovo}</strong></span> 
     </span>
    </p>
   </div>
   <div class='ocr_carea' id='block_1_19' title="bbox 2232 0 2281 2933">
    <p class='ocr_par' dir='ltr' id='par_1_20' title="bbox 2232 0 2281 2933">
     <span class='ocr_line' id='line_1_84' title="bbox 2232 0 2281 2080; baseline 1.878 -235"><span class='ocrx_word' id='word_1_435' title='bbox 2232 0 2281 2080; x_wconf 95' lang='lat' dir='ltr'><strong>    </strong></span> 
     </span>
     <span class='ocr_line' id='line_1_85' title="bbox 2232 2080 2281 2933; baseline 0 -679"><span class='ocrx_word' id='word_1_436' title='bbox 2232 2080 2281 2933; x_wconf 95' lang='lat' dir='ltr'><strong>    </strong></span> 
     </span>
    </p>
   </div>
  </div>
 </body>
</html>
