2294 2933
866 86 982 136 Circe
1013 83 1312 154 Philoffipbica.

365 197 405 248 L
423 203 460 249 E
476 203 523 248 U
542 202 582 249 C
609 215 620 247 τ
644 231 648 240 2
672 197 916 263 Supersunt
969 204 1056 250 alia
1087 239 1100 260 ,

253 280 353 329 quae
402 265 731 315 'Cacodaemoni
754 271 1100 330 praerogativain

252 331 485 379 adstruunt
523 329 648 394 supra
678 334 916 379 Naturam.
995 332 1100 380 Νὸ-

250 411 356 445 tunt
371 399 608 444 tribunalia
620 397 845 452 Nemetis,
883 395 1099 445 scelerum

250 462 439 509 vindicis
461 499 472 516 ,
511 460 640 524 quod
658 462 924 509 Fosderatos
943 479 1000 509 ex
1019 478 1100 524 pa-

250 524 328 575 ἇὶο
346 564 359 583 ,
394 527 646 574 adamantis
675 525 808 573 instar
832 526 888 574 fic
904 524 1013 588 saepe
1030 530 1102 572 m-

248 593 413 648 duret,
453 593 867 653 utinterequuleos
886 593 991 647 laeti,
1031 594 1099 637 in-

251 670 318 704 ter
350 659 512 704 mortis
546 668 777 703 tormenta
801 658 986 703 immoti
1010 658 1099 702 im-

248 723 418 769 bellem
436 721 843 783 exprobrentferro
857 722 998 768 aciem
1020 758 1032 776 ,
1067 719 1097 768 fi

246 786 400 836 'miniis
434 785 701 834 insensibiles
725 822 738 841 ,
775 785 831 832 ad
850 787 1097 832 minimum

244 849 474 907 insensati,
511 853 561 900 &
579 850 753 910 doloris
772 853 922 898 omnis
935 866 1096 913 exper-

247 930 332 965 tes.
397 917 587 965 Norunt
600 917 764 963 Martis
783 917 972 964 Alumni
992 914 1095 977 spu-

244 984 297 1030 rii
321 1019 336 1038 ‚
370 981 578 1028 imbelles
609 995 789 1043 vappae,
828 978 870 1027 se
895 979 1094 1028 stabilito

243 1063 351 1095 cum
382 1048 510 1095 Oreo
542 1046 721 1094 foedere
761 1046 942 1108 politos*
966 1058 1094 1092 extra

244 1114 322 1162 teli
329 1109 521 1175 jactum,
534 1112 763 1160 &Achille
776 1109 923 1173 magis
940 1111 1093 1157 invul-

241 1178 479 1226 nerabiles.
547 1178 605 1223 Et
629 1176 742 1240 quid
765 1175 820 1222 ad
841 1176 921 1222 ista
938 1177 1093 1223 Philo-

242 1240 423 1306 sophica
454 1243 622 1290 Circe?
675 1257 772 1305 quo
790 1240 937 1288 modo
956 1238 1093 1289 solvit

238 1309 331 1357 haec
363 1306 598 1370 paradoxa
622 1343 636 1363 ,
670 1318 726 1354 ut
760 1319 915 1355 tamen
953 1303 1093 1363 salvet

239 1377 425 1423 Naturae
439 1374 548 1435 Jura
564 1408 578 1429 ,
610 1387 694 1419 nec
717 1369 931 1419 diffolvat
952 1370 1094 1418 statu-

243 1451 290 1488 ta
320 1441 337 1487 2
392 1447 513 1486 MEL
542 1457 559 1484 .·
602 1437 970 1500 Praetergreditur
998 1453 1093 1484 non

240 1502 345 1553 raro
364 1503 544 1550 daemon
579 1505 764 1550 Naturae
786 1504 912 1565 leges
936 1539 948 1558 ,
986 1513 1093 1549 utut

240 1571 417 1618 nullam
436 1568 805 1631 transgrediatur.
839 1570 945 1615 Haec
964 1565 990 1615 ἐι
1007 1567 1094 1614 do-

240 1635 638 1683 lore'immunitas
671 1670 684 1690 ,
721 1633 949 1696 originem
984 1629 1094 1695 saepe

244 1697 711 1762 trahititpharmacis‚
747 1701 883 1761 opio,
917 1695 1091 1754 solane,

242 1766 404 1815 &aliis
429 1801 442 1820 ‚
478 1765 644 1826 quibus
661 1764 880 1822 humores
901 1764 1053 1810 turbat
1078 1800 1091 1819 ‚

242 1827 451 1894 soporem
471 1830 706 1885 conciliat,
738 1843 990 1875 nervorum
1001 1830 1093 1875 ori-

240 1897 369 1959 gines
384 1892 576 1941 obstruit
600 1932 614 1951 ‚
650 1891 796 1942 sensus
821 1892 1063 1956 stupefacit
1078 1930 1092 1950 ‚

241 1955 632 2022 sensationemque
644 1959 836 2021 impedit
847 1956 938 2022 ipsa
951 1960 1093 2007 etiam

240 2032 327 2076 Ars
346 2027 560 2073 humana.
689 2019 828 2074 Certe
853 2024 1089 2074 Cardanus

241 2090 308 2140 est
346 2092 528 2140 Author
551 2126 564 2146 ‚
596 2089 730 2153 quod
756 2091 809 2137 ab
843 2092 1089 2153 Empyrico

240 2156 477 2221 quondam
505 2157 646 2203 Gallo
664 2155 741 2203 fibi
774 2155 1004 2203 exhibitus
1024 2156 1091 2202 la-

240 2223 379 2285 pillus
404 2243 416 2278 3
453 2223 523 2268 cui
553 2218 661 2269 clim
692 2236 824 2268 acum
856 2225 1091 2284 ingentem

241 2285 495 2336 affricuiffet
507 2324 518 2342 ,
542 2288 672 2334 nullo
685 2286 848 2335 dolore
855 2287 1091 2334 brachium

238 2351 500 2416 penetrarit.
566 2354 623 2399 Et
642 2351 850 2415 nunquid
861 2354 947 2400 erit
967 2349 1091 2399 diffi-

239 2418 324 2466 cile
360 2419 580 2465 Botanico
617 2419 782 2481 Stygio
803 2454 816 2474 ,
858 2417 1090 2480 ejusmodi

238 2484 422 2545 lapillos
444 2520 457 2539 ,
506 2484 579 2530 vel
607 2484 767 2530 herbas
786 2487 1057 2545 conquirere
1075 2519 1088 2539 ‚

239 2542 472 2611 coeloque
499 2563 576 2610 per
612 2550 859 2611 Megaeram
893 2548 1092 2596 medica·-

239 2626 400 2660 mento
430 2650 442 2669 ‚
485 2612 771 2676 paradoxum
798 2612 885 2662 suis
906 2614 1094 2661 induere

241 2675 514 2742 stuporem?
544 2678 648 2728 hine
665 2679 892 2729 falluntur
923 2676 1093 2731 insulsae

1914 98 2009 151 289

1155 203 1340 259 Lamiae,
1363 201 1749 255 fihancvirtutem
1767 208 2005 267 cineribus.

1156 269 1329 331 inguini
1347 269 1557 325 infantis,
1595 285 1699 318 ante
1720 272 1938 335 baptisma
1955 290 2005 321 e-

1155 332 1276 380 necti
1292 371 1306 390 ‚
1339 335 1568 397 deglutito
1591 350 1728 397 apum
1745 340 1857 400 Regi
1882 375 1895 394 ,
1927 340 2004 387 vel

1155 400 1352 461 alligatis
1364 402 1540 462 corpori
1553 404 2005 458 membranulis,cum

1155 476 1279 510 certo
1313 463 1621 512 characterum
1656 482 1820 529 genere
1855 506 1866 522 ,
1925 479 2005 515 aut

1153 529 1295 574 etiam
1318 525 1539 576 susurrato
1560 533 1685 579 malo
1706 535 1892 580 carmini
1925 535 2009 580 tri--

1154 593 1310 640 buant.
1378 596 1615 642 Falluntur
1635 599 1864 646 Mavortis
1895 615 2006 661 pro-

1153 657 1232 703 bra
1249 694 1261 712 ,
1295 657 1325 705 si
1338 656 1377 705 se
1389 661 1651 709 vulneribus
1664 674 1908 726 exemptos
1917 679 2003 726 pu-

1155 733 1251 768 tant
1270 759 1283 778 ‚
1316 723 1376 770 eo
1390 723 1522 785 quod
1541 741 1664 773 arma
1681 740 1806 775 certo
1817 730 1908 775 ritu
1933 730 2003 775 in-

1149 799 1333 834 cantent
1357 804 1366 833 :
1409 786 1620 853 sacrilego
1649 790 1754 839 ausu
1780 791 2001 842 Crucifixi

1150 854 1397 914 imaginem
1415 869 1750 919 compungant,
1787 860 1862 905 vel
1880 858 1908 905 fi
1923 875 2002 921 pe-

1148 920 1294 979 riapta
1304 918 1512 980 quaedam
1529 921 1677 968 ferant
1689 961 1700 979 ‚
1737 921 2003 971 characieti-

1151 983 1233 1028 bus
1273 985 1464 1045 Magicis
1486 985 1715 1048 insignita,
1753 990 1828 1036 vel
1847 989 1877 1036 si
1897 1004 2001 1036 ora-

1150 1048 1299 1095 tiones
1310 1047 1609 1106 deblaterenr‚
1644 1069 1758 1115 quas
1770 1053 2000 1118 insignitas

1150 1122 1343 1179 magnis,
1376 1110 1432 1161 ut
1460 1115 1720 1177 loquuntur
1750 1155 1762 1175 ,
1803 1127 1902 1168 DE!
1919 1136 2000 1167 ηο-

1148 1177 1327 1225 minibus
1347 1217 1359 1234 ‚
1392 1180 1520 1226 Divo
1536 1182 1684 1228 Leoni
1707 1221 1719 1239 ,
1758 1184 1831 1231 vel
1854 1186 2000 1233 Caro-

1147 1242 1198 1289 lo
1241 1245 1416 1306 Magno
1452 1245 1723 1308 blasphemo
1758 1250 1998 1297 mendacio

1147 1308 1367 1355 tribuunt.
1483 1312 1743 1370 Falluntur‚
1776 1316 1966 1377 inquam
1982 1352 1995 1371 ,

1145 1387 1253 1420 nam
1270 1374 1361 1420 haec
1392 1373 1513 1437 signa
1533 1372 1634 1424 sunt
1661 1378 1842 1428 tantum
1875 1377 1999 1443 pacti

1147 1436 1316 1486 scelesti
1345 1440 1508 1487 indicia
1525 1478 1537 1496 ‚
1574 1444 1740 1505 quibus
1761 1445 1919 1509 positis
1939 1461 1997 1493 ex

1148 1503 1323 1552 Medeae
1340 1506 1716 1569 pharmacopolio
1739 1512 1901 1573 Stygia
1918 1527 1998 1573 ap·

1145 1570 1283 1632 plicat
1301 1569 1658 1629 medicamenta,
1698 1586 1776 1622 aut
1794 1591 1875 1638 per
1895 1574 1997 1626 affi-

1146 1633 1358 1682 stentiam
1377 1631 1493 1683 ictus
1514 1639 1680 1701 excipit
1716 1641 1998 1699 intentatos,

1147 1711 1225 1747 aut
1246 1698 1340 1747 alio
1371 1699 1560 1749 divertit
1577 1740 1590 1758 ,
1624 1716 1703 1753 aut
1721 1721 1802 1768 per
1827 1707 1999 1770 impul-

1145 1762 1243 1812 sum
1260 1768 1536 1813 contrarium
1568 1769 1756 1818 hebetat
1775 1803 1801 1827 ,ν
1838 1772 1996 1835 sicque

1145 1827 1284 1877 efficit
1300 1846 1395 1877 non
1406 1833 1690 1891 vulneratos,
1722 1833 1914 1885 minime
1925 1851 1996 1885 ta·

1144 1911 1251 1943 men
1267 1896 1635 1946 invulnerabiles.

1145 2158 1317 2212 fretus,
1354 2155 1566 2207 audacter
1584 2158 1626 2208 se
1653 2163 1812 2225 jurgiis
1839 2166 1995 2211 immi-‘-

1120 2254 1123 2259 -
1147 2219 1332 2279 scuiffen
1352 2220 1586 2285 saepeicstus
1600 2242 1694 2274 non
1720 2227 1863 2291 sapilt,
1885 2231 1995 2292 qnia

1144 2303 1383 2350 nunquam
1416 2286 1585 2339 saucius
1605 2329 1618 2349 ,
1662 2292 1774 2340 dum
1808 2295 1996 2343 tandem

1145 2354 1263 2400 inter
1278 2349 1502 2417 sympofia
1525 2393 1538 2412 ,
1580 2359 1783 2406 *minimo
1805 2362 1998 2409 vulnere
2076 2378 2080 2381 ’

1145 2421 1315 2466 corruit
1324 2420 1623 2485 interemptus
1637 2439 1646 2469 :
1684 2439 1850 2489 nempe
1859 2426 1997 2474 DEO

1144 2483 1370 2546 frangenti
1392 2483 1558 2544 fidem,
1592 2489 1693 2551 jure
1710 2486 1853 2539 fidem
1877 2493 1996 2555 Styx

1145 2548 1313 2616 frangit
1334 2550 1500 2599 eidem.
1707 2556 1711 2559 ’

1211 2616 1403 2666 LEUC
1430 2632 1440 2663 :
1495 2617 1675 2666 Eodem
1699 2620 1746 2667 in
1761 2619 1871 2667 foco
1889 2619 1995 2667 Ma-

1146 2680 1228 2746 giae
1239 2681 1402 2745 Stygio
1421 2677 1574 2735 succos
1585 2685 1820 2749 excoqui,
1852 2697 1957 2731 reor
1977 2719 1994 2741 ‚

1260 2746 1310 2796 Ο
1338 2762 1372 2796 o
1828 2749 1998 2813 quibus

1752 1901 1894 1950 Sensit
1906 1903 1995 1957 hoc
2009 1903 2092 1953 Del
2111 1908 2205 1960 Rio.

1145 1962 1224 2009 ille
1238 1958 1555 2025 Philosophus,
1587 1963 1784 2027 quicum
1800 1967 1994 2015 interula
2007 1970 2031 2019 Ι.
2049 1984 2094 2022 2.
2107 1971 2212 2037 disq.

1146 2026 1325 2089 Magica
1357 2064 1371 2084 ,
1436 2029 1572 2076 variis
1613 2032 1736 2079 notiS
1790 2030 1995 2096 inscripti
2010 2043 2135 2104 Mag.

1147 2093 1172 2152 (
1197 2108 1338 2154 quam
1367 2095 1516 2151 mt'eini
1545 2098 1747 2154 familiam
1775 2111 1943 2146 vocant
1965 2104 2157 2169 )Q.21.
