2294 2933
390 75 415 87 ἡ·

263 205 361 266 cipe
379 240 392 259 ,
428 214 544 266 quot
572 202 794 248 terminos
818 239 830 258 ‚
866 212 938 250 tot
964 202 1102 251 nullis

265 270 469 316 terminis
502 265 857 330 circumscriptos
892 283 1100 315 errores:

262 335 380 396 quot
399 331 732 396 propositiones
761 371 773 388 ,
831 343 901 380 tot
927 348 986 380 ex
1011 331 1104 396 ipsa

260 396 778 461 Cerberispumficofias
805 436 816 455 ‚
852 395 1104 461 denuoque

259 460 460 511 recoffas
480 461 693 512 Haereses.
771 469 971 526 Praecepta
989 468 1068 511 Dei
1081 495 1098 521 ,

257 531 406 591 inquit
431 567 443 586 ‚
477 532 696 592 hominibus
725 533 848 576 etiam
874 530 993 590 justis
1022 546 1100 576 non

250 594 350 654 sunt
384 597 568 658 poffibiliae
598 613 610 642 :
638 598 835 641 ‘interiori
858 597 1026 640 'Gratiae
1055 597 1097 641 in

245 661 363 720 statu
400 667 574 707 Naturae
607 658 716 723 lapfic
750 670 826 705 non
866 660 1060 720 refistitur
1078 689 1095 714 ,

253 737 324 771 n'ec
361 726 486 787 resisti
517 726 642 788 potest
671 740 684 770 .·
740 727 794 771 ad
827 727 1055 771 merendum
1077 755 1095 780 ,

250 794 325 836 vel
363 793 641 837 demerendum
675 797 752 835 non
780 791 1014 850 ¹requiritur
1045 792 1096 836 li-

252 855 386 900 bertas
423 855 696 915 indifferentiae
738 872 749 900 :
800 855 981 914 Christus
1019 871 1095 900 non

251 920 307 978 est
343 929 418 981 ‘pro
455 923 630 966 omnibus
669 933 864 966 mortuus.
980 920 1048 965 En
1078 921 1090 970 Ζ

247 982 512 1044 praemissas,
548 985 784 1048 negativas
843 982 899 1030 ad
918 995 924 1021 1
952 997 1092 1032 unam

245 1062 434 1105 omnes,
473 1051 524 1097 &
546 1051 731 1112 qualem
756 1060 813 1094 ex
831 1049 954 1096 hisce
971 1050 1091 1096 Peri·-

243 1123 378 1174 patus
424 1112 653 1177 praesagiat
700 1113 1088 1164 conclusionem?

242 1178 514 1227 heteroclito
537 1178 703 1228 scilicet·
717 1179 939 1227 Authoris
960 1179 1087 1242 inge-

240 1243 320 1289 nio
334 1244 535 1306 dignam,
551 1246 658 1308 quia
673 1242 925 1308 pessimam.
1009 1246 1085 1294 uid

237 1310 361 1355 enim
390 1307 736 1373 meliusrsperes
769 1309 794 1356 a
825 1309 976 1372 praemi
1016 1328 1083 1370 is,

238 1387 530 1437 quaetnegant
549 1412 562 1432 ,
601 1375 826 1439 quidquid
850 1371 984 1424 sanffl
1001 1378 1083 1425 ha-

238 1438 314 1485 bet
334 1439 571 1504 Olympus
590 1478 603 1498 ‚
636 1439 863 1504 quidquid
884 1441 993 1490 boni
1010 1438 1083 1490 hic

235 1503 476 1554 Mundus?
507 1520 607 1569 quae
619 1517 815 1568 negant,
851 1508 1089 1570 quidquidi

235 1569 513 1620 Mortalibus
535 1570 600 1618 est
617 1568 875 1634 proficuum
892 1608 906 1628 ,
934 1574 1079 1621 ‘Chri-

208 1630 303 1680 0st0
330 1633 636 1684 honorificum
661 1638 677 1683 ?
711 1635 945 1700 quidquid
971 1641 1077 1686 Deo

232 1696 297 1745 est
311 1699 589 1762 gloriosum?
626 1702 728 1765 quis
739 1700 919 1749 credere
939 1700 1076 1765 possit

232 1759 442 1828 sacrilega
460 1768 625 1814 cerebri
642 1767 885 1815 aberrantis
902 1767 1074 1826 deliria,

228 1827 643 1894 furiosasJansenii,
672 1830 817 1880 Gallo
837 1834 972 1889 ebrii,
995 1836 1073 1881 ex-

229 1891 341 1941 tases
366 1896 383 1942 ?
431 1910 599 1944 aeterno
638 1898 833 1945 Numini
876 1897 1074 1962 denegat

226 1956 579 2009 misericordiam
612 1999 625 2018 ,
670 1962 783 2009 dum
807 1964 881 2010 vait
905 2000 918 2019 ‚
969 1963 1074 2026 post

224 2024 390 2072 Adami
414 2024 587 2090 lapsum
616 2020 866 2090 plerosque
886 2026 910 2075 ὲ
935 2031 1068 2077 1)Εο

199 2093 201 2095 ’
223 2093 391 2148 creari,
423 2108 529 2139 eum
554 2094 596 2140 in
618 2090 757 2139 finem
773 2129 784 2148 ‚
818 2109 874 2139 ne
895 2091 970 2141 sua
988 2094 1069 2142 de-

223 2153 304 2202 fint
338 2157 515 2219 ignibus
542 2153 762 2205 :eternum
800 2155 958 2207 arsuris
986 2161 1067 2207 ali-

220 2234 402 2269 menta:
439 2225 489 2272 &
505 2223 613 2286 quid
635 2225 738 2270 Deo
756 2220 911 2286 affingi
929 2222 1066 2287 poffit

221 2285 445 2336 crudelius
468 2290 485 2335 ἓ
521 2285 705 2337 Christo
717 2287 915 2352 deneg-at
927 2292 1067 2337 Boni-

221 2360 365 2399 tatem
388 2390 401 2409 ‚
436 2353 550 2401 dum
584 2356 678 2409 ait,
714 2369 822 2400 eum
856 2358 1065 2419 praecipe-

217 2432 266 2463 re
285 2454 298 2473 ,
334 2431 433 2481 quae
455 2416 616 2466 servari
635 2434 727 2465 non
741 2416 947 2481 possunt,
980 2437 1064 2470 nec

218 2479 450 2530 sublevare
465 2481 539 2530 sub
554 2485 828 2531 intolerabili
849 2501 1057 2534 corruen-

217 2560 285 2595 tes
301 2548 415 2611 jugo
427 2586 439 2603 ,
479 2545 550 2595 sed
562 2551 734 2597 aetern'is
747 2547 946 2598 maflare
959 2549 1061 2614 sup-

214 2613 360 2674 pliciis
381 2630 390 2659 :
426 2614 598 2674 &quid
610 2615 683 2662 vel
698 2614 722 2661 a
739 2611 960 2677 Tyranno
980 2632 1061 2664 ex-

215 2674 411 2741 spe<5tare
425 2676 574 2745 poffes
598 2679 845 2735 humanius
872 2685 888 2731 ?
927 2685 1058 2732 Mor-³

854 85 992 154 Ηγᾴνςξ
1012 82 1136 145 nostri
1161 82 1378 154 Temporis.

1906 95 2005 173 ῳ

1161 201 1326 250 talibus
1343 198 1538 262 denegat
1553 198 1689 262 spem,
1711 200 1822 249 dum
1836 200 1897 249 ait
1912 196 2001 249 sol-

1157 267 1309 314 licitus
1320 281 1402 329 pro
1414 267 1596 313 Inferno
1607 263 1848 329 Episcopus
1864 302 1876 322 ,
1893 267 2003 314 Bar·

1158 333 1324 387 batos,
1365 332 1439 379 vel
1458 330 1488 378 si
1511 336 1590 394 qui
1617 328 1703 378 suis
1726 332 1999 378 immoriun-

1159 408 1232 445 tur
1251 394 1509 453 sceleribus,
1542 395 1632 444 fine
1650 396 1780 443 omni
1797 394 1997 458 praefidio

1136 461 1138 465 ’
1155 459 1342 510 restitus
1358 501 1369 518 ‚
1390 478 1485 524 quo
1498 459 1698 510 clausum
1710 460 1766 509 ad
1780 461 1903 510 Coeli
1916 459 1999 507 de-

1152 528 1275 575 licias
1299 527 1503 584 aditum,
1537 525 1684 575 rursus
1699 525 1996 588 fibgaperiant

1153 590 1338 640 miseri:
1384 596 1433 642 &
1469 592 1581 655 quid
1621 591 1810 657 cogitari
1857 585 1997 652 poffit

1153 658 1460 704 truculentum
1473 659 1619 720 magis
1630 660 1646 705 ?
1680 672 1775 705 non
1787 669 1994 704 comme-

1149 723 1285 770 moro
1304 724 1418 770 alios
1441 725 1487 771 in
1504 722 1626 771 hisce
1639 723 1863 786 negativis
1881 734 1993 767 con-

1150 795 1304 837 tentos
1318 803 1514 846 errores,
1544 789 1709 852 quibus
1725 784 1893 837 Christi
1912 799 1995 848 pa-

1148 853 1302 901 tientis
1327 862 1531 901 amorem
1552 853 1835 902 crudelitatis
1863 865 1991 897 accu-

1148 915 1211 966 sat
1238 956 1250 975 ‚
1298 920 1405 982 quia
1437 920 1640 982 reprobis
1676 915 1989 980 denegatum:

1147 985 1314 1046 quibus
1354 987 1579 1032 Naturam
1615 982 1755 1047 ipsam
1795 982 1991 1030 crudeli-

1146 1050 1229 1096 bus
1249 1048 1515 1112 constringit
1536 1046 1808 1096 necestitatis
1831 1048 1989 1094 vincu-

1142 1115 1229 1162 lis:
1275 1117 1440 1176 quibus
1467 1116 1682 1162 mortales
1712 1116 1758 1161 in
1781 1110 1988 1175 desperaq

1144 1180 1281 1226 tionis
1311 1181 1581 1235 barathrum
1605 1180 1851 1242 praecipitat
1885 1178 1986 1225 lau-

1141 1256 1292 1292 reatus
1326 1243 1408 1292 iste
1442 1246 1553 1293 Orci
1589 1243 1807 1309 Magister
1838 1260 1848 1290 ε
1890 1256 1985 1290 non

1139 1309 1289 1356 refero
1310 1321 1496 1357 centum
1521 1311 1607 1358 alia
1629 1348 1642 1367 ‚
1700 1310 1809 1373 quia
1828 1309 1985 1355 horret

1139 1376 1319 1422 animus
1348 1376 1548 1438 cogitare
1569 1413 1581 1432 ‚
1634 1391 1733 1439 quae
1750 1371 1983 1437 Jansenius

1138 1440 1184 1486 in
1207 1438 1331 1504 hisce
1343 1442 1569 1504 negativis
1580 1457 1684 1502 *non
1704 1441 1884 1487 erubuit
1895 1435 1984 1485 fin-

1135 1504 1258 1567 ge're.
1307 1568 1310 1569 ⁷
1345 1508 1444 1569 Ego
1465 1502 1586 1554 certe
1606 1503 1810 1554 revulsos
1838 1503 1982 1564 credis-

1134 1568 1291 1617 diffem
1320 1573 1497 1620 Inferos
1521 1608 1534 1628 ,
1571 1574 1622 1622 &
1645 1572 1878 1619 Furiarum
1906 1584 1980 1617 ca-

1136 1647 1285 1683 tervas
1301 1652 1357 1683 ex
1377 1637 1503 1684 Orco
1523 1635 1712 1700 erupisse
1729 1673 1741 1692 ‚
1775 1650 1874 1699 quae
1897 1633 1978 1682 de-

1131 1702 1541 1762 ceptisvhominum
1576 1702 1806 1749 mentibus
1832 1739 1844 1757 ‚
1899 1715 1978 1761 per

1133 1778 1203 1813 tot
1232 1768 1423 1813 attrocia
1444 1782 1575 1813 novae
1605 1764 1862 1829 Sophisticae
1890 1762 1978 1828 fig-

1129 1846 1285 1878 menta
1312 1831 1572 1879 illuderent.
1645 1832 1732 1881 Sed
1758 1841 1974 1879 maneant

1130 1893 1302 1958 sepulta
1333 1899 1376 1943 in
1406 1894 1491 1944 suis
1518 1898 1713 1947 tenebris
1745 1898 1934 1946 Tartara
1953 1932 1971 1953 ,

1127 1963 1268 2008 vincit
1285 1959 1518 2024 jansenius
1540 1964 1777 2025 impietate
1794 1962 1971 2010 Inferos

1125 2026 1395 2075 crudelitate
1414 2029 1552 2074 vincit
1571 2029 1805 2076 Furiarum
1827 2038 1971 2074 cater-

1125 2108 1235 2139 vas:
1277 2104 1372 2139 tam
1394 2095 1560 2140 atrocia
1589 2095 1711 2141 enim
1731 2130 1744 2150 ‚
1788 2094 1859 2139 vel
1889 2092 1974 2154 ipsi

1123 2173 1217 2203 non
1229 2155 1477 2219 potuiffent
1488 2159 1623 2205 Inferi
1638 2196 1651 2215 ,
1678 2159 1751 2205 vel
1766 2155 1967 2204 erubuis-

1123 2219 1219 2269 sent
1237 2225 1375 2270 Furiae
1395 2220 1596 2286 fingere:
1637 2225 1776 2270 vincit
1796 2260 1808 2279 ‚
1850 2223 1964 2271 dum

1120 2289 1447 2350 pernegativas
1465 2287 1583 2336 adeo
1602 2288 1806 2336 crudeles
1824 2326 1838 2345 ‚
1869 2287 1968 2336 adi,-

1120 2354 1206 2420 mit
1219 2355 1325 2401 Deo
1335 2352 1565 2416 justitiam
1577 2391 1590 2410 ,
1624 2357 1811 2402 Naturae
1830 2354 1966 2401 liber-

1121 2430 1288 2475 tatem,
1315 2421 1593 2468 Mortalibus
1607 2416 1779 2467 fiduciae
1797 2419 1966 2467 ancho-

1117 2499 1214 2531 ram
1238 2500 1247 2528 :
1281 2484 1447 2540 vincit,
1478 2486 1591 2532 dum
1611 2483 1963 2547 aRedemptore

1117 2561 1319 2611 apertam
1340 2588 1353 2604 ‚
1407 2548 1564 2598 denuo
1585 2550 1785 2598 occludit
1804 2546 1960 2597 salutis

1114 2615 1325 2675 januam,
1348 2613 1789 2679 utquiilatepoteffi
1813 2616 1959 2662 reclu-

1115 2679 1197 2792 datl
1206 2679 1619 2753 angustanimihm
1641 2697 1725 2745 pro
1735 2677 1814 2741 suo
1824 2680 1962 2795 {1510}

1219 2760 1233 2792 1
1255 2761 1273 2793 1
1888 2759 1960 2791 ar-
