2294 2933
323 69 416 119 ιιι

320 175 418 227 sura
439 175 504 227 est
519 174 943 230 humana'eenditio
976 197 985 226 :
1029 181 1166 241 hujus

318 241 679 301 existimatione,
705 261 800 292 non
818 245 1075 308 ipsarerum
1086 258 1165 289 na-

318 306 441 366 tura,
464 312 628 357 veritas
649 307 850 365 constat,
868 310 942 355 vel
965 306 1162 354 falsitas:

318 375 410 422 tale
449 376 590 439 igitur
635 374 720 421 erit
765 371 1136 435 unumquodque
1153 408 1165 428 ,

317 436 455 502 quale
479 438 661 487 videtur
678 438 854 484 homini
874 473 887 493 ‚
918 436 1008 484 five
1031 434 1136 483 sano
1153 473 1167 493 ,

314 503 407 552 sive
436 501 615 558 insano,
641 502 732 548 sive
753 498 900 548 sobrio
920 539 932 558 ,
970 501 1062 549 sive
1101 513 1169 548 te·-

315 570 528 615 mulento
545 602 561 623 ,
591 566 682 614 five
696 566 907 629 vigilanti
920 604 942 628 ,2
954 565 1053 616 sive
1062 565 1170 612 dor-

314 633 492 680 mienti.
512 633 578 678 En
593 628 606 678 !
624 631 801 678 bellum
820 644 1167 695 argumentum,

315 694 594 758 philosopho
628 696 828 744 fanatico
847 733 860 753 ‚
909 699 961 745 &
991 698 1169 744 Stoico-

315 778 416 809 rum
432 758 647 825 applausu
669 757 996 825 dignissimum.
1040 763 1169 810 Con-

315 827 383 875 tra
393 827 699 890 Xenophanes
721 827 1044 890 Colophonius
1058 863 1069 881 ,
1090 841 1169 872 an-

316 895 432 954 tiqui
445 906 534 940 tate
553 892 788 947 celebrior,
803 892 942 953 quam
959 893 1167 945 veritate,

314 955 477 1004 cunsta
499 954 672 1004 somnia
697 954 840 1011 ridet,
878 957 1006 1002 velut
1025 956 1165 1001 aniles

314 1024 516 1077 fabulas,
553 1022 605 1070 &
626 1035 750 1067 mera
770 1022 935 1067 cerebri
956 1022 1168 1066 aberran-

315 1090 374 1136 tis
395 1087 567 1134 deliria.
627 1085 756 1155 Qid
782 1087 904 1132 enim
930 1087 944 1131 ?
983 1086 1132 1147 inquit
1153 1120 1164 1139 ‚

315 1169 372 1201 an
407 1167 502 1199 non
532 1167 624 1198 una
665 1146 921 1213 eade'mque
955 1151 1166 1197 omnium

314 1216 599 1266 somniorum
623 1217 808 1263 natura?
832 1232 911 1278 par
925 1218 1167 1278 igiturcre-

312 1283 448 1330 dendi
464 1296 541 1329 aut
561 1282 774 1328 omnibus
794 1318 806 1337 ‚
831 1292 910 1328 aut
942 1281 1080 1327 nullis
1102 1277 1166 1325 est

314 1351 433 1394 ratio
454 1364 463 1393 ε
496 1345 568 1394 sed
588 1347 820 1409 plerisque
839 1345 1093 1407 negandam
1110 1341 1165 1390 fi-

313 1413 446 1469 dem,
476 1414 579 1475 quis
607 1413 776 1474 negat?
810 1412 874 1457 nil
895 1408 1007 1472 ergo
1029 1406 1165 1456 causae

312 1476 378 1526 est
407 1515 419 1535 ,
455 1493 561 1534 cur,
594 1478 829 1539 plerisque
874 1472 1077 1538 rejectis,
1112 1473 1164 1520 sit

310 1544 540 1605 aliquibus
573 1540 757 1589 tantum
793 1539 1001 1587 habenda
1031 1537 1161 1586 fides.

308 1608 443 1658 Adde
456 1645 467 1664 ,
495 1607 656 1654 s1certa
674 1608 753 1653 tibi
770 1603 868 1652 sunt
881 1603 1165 1667 aliquasom-

308 1676 408 1728 nia,
446 1685 565 1720 certa
577 1669 1042 1719 fitillorumefferstrix
1061 1685 1165 1716 cau-

311 1737 355 1787 sa
369 1751 583 1800 oportet:
624 1750 668 1798 at
692 1738 1016 1799 quaenamilLa?
1050 1749 1162 1780 num

310 1811 521 1851 naturam
585 1801 824 1863 prretendis
849 1802 863 1847 ?
924 1794 1110 1864 peffime
1146 1815 1162 1856 3

309 1876 473 1917 natura
501 1864 566 1913 est
593 1866 764 1912 ordinis
803 1866 949 1913 amica
975 1903 988 1922 ‚
1023 1876 1164 1926 atque

313 1931 605 1980 coiistaiitiae:
633 1934 677 1977 in
700 1928 906 1987 somniis,
941 1929 1052 1994 quid
1086 1926 1164 1975 nisi

306 1997 546 2045 confusio?
571 1996 649 2043 nisi
668 1998 799 2058 plena
813 1996 1083 2042 temeritatis
1100 1991 1164 2040 est

314 2061 645 2109 inconstantia?
698 2060 808 2123 quid
856 2062 940 2108 nisi
972 2059 1165 2108 ludibria

315 2129 534 2192 Morphei
555 2164 567 2183 ‚
612 2142 752 2187 quem
783 2125 882 2172 ‘non
926 2121 1163 2172 immerito

298 2210 300 2212 ·
316 2195 484 2243 dixeris
503 2190 894 2254 nugivendulunu,
913 2192 1166 2253 jocularem

314 2263 518 2310 Mimum
541 2294 552 2313 ,
585 2268 752 2303 naturae
779 2257 965 2302 Simiam
985 2293 997 2312 ‚
1028 2256 1165 2303 falla-

315 2342 417 2373 cem
438 2323 649 2372 Mercurii
680 2322 915 2381 Nepotem
937 2359 949 2376 ,
986 2322 1056 2366 cui
1084 2335 1164 2366 na-

317 2393 410 2438 tale
431 2387 577 2435 solum
599 2384 662 2433 est
690 2385 889 2431 mendax
912 2388 1073 2441 Creta,
1093 2386 1165 2431 cui

306 2458 457 2518 ,Sinon
468 2454 699 2505 nutritius,
718 2453 786 2500 cui
800 2466 952 2498 mores
964 2451 1163 2503 Prothei‚

316 2521 444 2580 cujus
465 2516 604 2563 stadia
627 2518 778 2564 inanes
801 2518 968 2562 umbra:
986 2552 999 2569 ‚
1034 2517 1163 2576 cujus

315 2588 447 2632 Pater
466 2581 523 2626 de
549 2580 681 2640 stirpe
704 2583 1018 2642 Graiugenum
1039 2616 1051 2634 ,
1087 2595 1164 2624 cu-

304 2649 391 2713 'jus
408 2644 1067 2709 MaterfabulosaAntiquitas.
1090 2649 1165 2697 An

937 38 1118 132 virg-ula
1148 54 1388 128 Maipha(
1431 50 1440 70 ²

1224 174 1559 228 forsanDEUM
1568 177 1862 243 proAuthore
1881 176 2068 241 allegas?

1225 242 1298 292 sed
1313 242 1451 305 quam
1463 240 1672 307 indigne!
1699 261 1792 293 nun
1827 244 2070 292 uidDEUS

1224 309 1370 356 obibit
1389 307 1720 357 dormientium
1738 260 1884 358 nescios
1904 347 1917 367 ,
1961 325 2072 356 con-

1223 370 1412 421 cursabit
1463 375 1676 435 grabatos
1705 412 1719 431 ,
1778 373 2070 422 stertentibus

1225 441 1394 502 injiciet
1415 435 1610 494 somnia,
1641 454 1742 502 quae
1767 435 2075 502 expergefacti

1225 505 1299 551 vel
1311 519 1404 550 non
1418 500 1615 566 amplius
1639 504 1930 551 recordentur
1950 541 1962 559 ,
1998 503 2075 550 vel

1223 585 1319 617 non
1337 569 1597 631 intelligant
1617 606 1630 625 ,
1669 568 1744 614 vel
1764 568 1890 631 quod
1910 569 2040 630 pejus
2058 604 2072 623 ,

1224 635 1545 681 contemnant?
1559 649 1612 696 ap
1619 648 1701 696 age
1711 632 1764 680 fis
1776 649 1784 678 :
1823 648 1930 679 nam
1940 632 2074 680 DEO

1224 696 1408 762 dignius
1431 695 1614 754 senties,
1652 713 1735 761 pro
1769 698 1971 745 utilitate
1988 698 2075 744 hu-

1223 780 1358 811 mana
1375 760 1642 819 consultius,
1679 763 1846 809 rationi
1882 777 2071 825 quoque

1224 826 1571 877 convenientius
1584 866 1596 884 ,
1633 827 1661 875 fi
1677 826 1797 875 dicas
1815 826 1839 874 a
1853 828 1985 874 DEO
1997 826 2078 875 da-

1223 896 1258 941 ri
1273 891 1378 949 visa,
1404 908 1497 939 non
1513 890 1718 948 sordidis,
1752 908 1846 939 non
1860 888 2073 947 indoffis,

1223 957 1295 1006 sed
1315 959 1505 1019 optimis
1543 959 1593 1005 &
1629 955 1902 1018 sapientibus
1923 973 1933 1002 :
1977 972 2072 1003 non

1220 1024 1554 1070 dormientibus
1580 1059 1592 1078 ‚
1649 1019 1723 1068 sed
1758 1022 2070 1083 vigilantibus,

1221 1086 1484 1151 quiamagis
1510 1086 1565 1133 ad
1577 1086 1874 1149 intelligenda
1889 1083 2072 1148 disposi-

1221 1155 1279 1201 tis
1301 1169 1314 1211 3
1354 1168 1447 1199 non
1465 1168 1543 1215 per
1555 1153 1807 1214 aegnimata,
1836 1148 1906 1197 sed
1919 1145 2072 1213 aperte

1222 1217 1464 1265 indicando
1496 1255 1508 1273 ,
1544 1232 1642 1279 quae
1662 1218 1716 1263 ab
1736 1217 1925 1263 homine
1948 1216 2073 1278 cupit

1220 1284 1431 1345 intelligi.
1466 1285 1531 1328 lta
1551 1280 1619 1328 isti
1640 1277 1879 1336 ῃίθεειιῑτοε,
1903 1282 2073 1343 &pan-

1221 1348 1470 1394 diculantes
1480 1344 1788 1408 balbiitiuiit‚p
1795 1363 1838 1391 er
1850 1359 2071 1400 extrema,

1221 1414 1427 1459 veritatis
1441 1411 1573 1459 devia
1588 1450 1599 1468 ‚
1637 1413 1916 1464 aberrantes,
1958 1410 2073 1457 dum

1217 1477 1415 1527 Baetoico
1427 1475 1611 1540 stupore
1630 1478 1801 1538 abrepti
1824 1513 1835 1530 ,
1872 1476 1945 1521 vel
1966 1490 2070 1521 om-

1219 1545 1351 1591 nibus
1363 1581 1375 1599 ‚
1398 1543 1469 1589 vel
1483 1543 1621 1589 nullis
1633 1538 1773 1588 fidem
1793 1538 1975 1587 somniis
1990 1539 2070 1586 ad-

1219 1610 1377 1657 hibent
1410 1646 1422 1664 ‚
1456 1606 1662 1670 opposita
1679 1605 1867 1668 quidem
1891 1604 2068 1653 stolidi-

1221 1687 1330 1729 tate,
1357 1674 1448 1736 pari
1470 1686 1623 1719 tamen
1636 1670 1864 1718 vecordia:
1903 1686 2069 1734 nempe

1220 1738 1379 1786 scitum
1398 1736 1461 1784 est
1479 1737 1594 1784 illud
1617 1738 1828 1785 Oratoris
1852 1737 2065 1794 Romani,

1218 1805 1281 1854 nil
1311 1800 1396 1850 effe
1424 1816 1516 1850 tam
1544 1799 1789 1864 s'e'hefw'seu
1819 1797 2028 1850 delu'umov
2053 1839 2064 1858 ,
2083 1807 2164 1858 Cic,
2195 1819 2238 1859 Ξ,

1221 1868 1348 1932 quod
1369 1884 1465 1914 non
1487 1865 1511 1915 a
1537 1864 1922 1929 Philosophorum
1949 1882 2068 1929 quo·
2083 1873 2221 1927 divin.

1220 1949 1343 1997 piam
1361 1930 1584 1980 asseratur.
1652 1935 1754 1980 Nos
1777 1933 1981 1979 veritatis
2002 1929 2067 1979 se-

1221 2015 1414 2062 quamur
1425 1997 1639 2061 vestigia,
1677 1999 1726 2046 &
1740 1996 1811 2043 via
1830 1997 1979 2043 media
2000 1999 2068 2044 in·-

1219 2065 1448 2112 cedamus.
1527 2065 1747 2124 Pleraque
1777 2060 1947 2108 somnia
1982 2060 2068 2109 esse

1220 2126 1484 2177 meriffimas
1499 2130 1678 2184 omnia,
1706 2123 2068 2189 omniquepror-
2090 2130 2093 2131 ’
2123 2128 2127 2131 ’

1221 2193 1291 2241 sus
1311 2195 1494 2257 indigna
1513 2191 1628 2248 fide,
1666 2204 1804 2238 nemo
1817 2194 2068 2254 negaverit,

1219 2260 1297 2307 nifi
1317 2261 1395 2323 qui
1417 2258 1659 2306 somniavit
1685 2259 1920 2318 nunquam
1947 2294 1959 2313 ‚
1992 2258 2067 2305 vel

1220 2322 1406 2388 semper.
1443 2326 1547 2371 Hoc
1560 2324 1683 2369 enim
1703 2319 1885 2383 liquido
1903 2323 2066 2383 probat

1218 2387 1494 2452 phantastica
1539 2385 1822 2434 somniorum
1868 2390 2067 2445 natura,

1220 2470 1317 2517 quae
1351 2471 1430 2517 per
1462 2446 1795 2515 spiritus‘male
1822 2450 2066 2506 distortos,

1218 2536 1297 2581 per
1309 2515 1706 2580 Metamorphoses
1729 2517 1979 2579 imaginum
1997 2513 2067 2563 su-

1218 2587 1333 2631 bitas
1345 2582 1600 2630 constanter
1615 2579 2068 2629 illudit:demonstrat
2088 2603 2090 2605 ·

1219 2650 1519 2715 experientia,
1557 2662 1655 2713 quae
1673 2643 1900 2698 continui)
1919 2646 2043 2760 facllift¹
2053 2661 2064 2692 ε

1532 2736 1535 2741 .
1935 2749 1939 2754 .
1985 2725 2008 2759 e
2043 2737 2065 2746 ,
