2294 2933
267 220 400 280 typa:
435 226 629 279 nempe,
665 208 794 277 quod
818 215 922 278 quis
942 227 1064 263 amat
1095 251 1110 273 ‚

262 282 355 329 hoc
376 285 548 350 cogitat
569 319 582 338 ,
618 296 701 327 nec
719 280 827 328 sicut
846 283 899 328 ab
927 282 1071 328 oculis
1094 317 1108 337 ‚

262 347 328 395 ita
345 346 513 394 recedit
531 346 558 394 a
587 357 743 394 mente
768 383 782 403 ,
819 346 948 410 quod
972 343 1108 394 semel

258 407 449 477 peffime
467 409 700 459 fascinavit
731 425 951 460 mentem.

356 478 544 527 LEUC:
577 478 789 526 Occurrit
805 515 818 533 ,
852 477 980 539 quod
1001 476 1105 525 Phi-

259 539 477 605 losophus
490 558 634 606 nuper
646 580 659 598 ‚
692 541 995 590 calamistrato
1011 543 1107 588 cui-

254 607 363 655 dam
391 610 553 656 Matris
580 607 727 656 [daliae
751 608 968 654 columbo
1001 622 1012 652 :
1057 607 1106 653 in

255 675 467 737 querelas
489 674 560 720 hic
577 670 741 722 effusus
761 710 773 728 ‚
809 674 948 719 animi
978 673 1105 718 laxa-

253 740 332 786 bat
345 738 488 786 finum
500 776 512 796 ‚
546 739 803 786 formarum
813 734 1102 800 phantasma-

256 817 304 851 ta
333 803 552 852 caussatus
576 841 589 860 ,
634 803 801 866 quibus
827 803 1101 850 memoriam

253 884 493 933 nunquam
503 885 596 916 non
613 869 878 916 obturbaret
898 878 1101 915 tentator

248 933 443 997 stygius.
524 933 613 983 Sed
649 934 839 995 agnovit
874 935 1100 981 eroticum

250 997 512 1063 symptoma
529 998 829 1061 Philosophus
846 1036 859 1054 ‚
900 1002 950 1047 &
967 999 1099 1046 falle-

14 1105 15 1127 ἶ
251 1067 334 1120 ris,
372 1066 545 1128 inquit,
580 1064 694 1112 dum
712 1065 986 1126 injusvocas
1007 1065 1098 1112 Ca-

12 1137 44 1189 3·
245 1129 559 1177 codaemonem
584 1167 597 1186 ,
651 1128 724 1176 hic
757 1130 1048 1177 innocentem
1083 1145 1094 1174 :

13 1209 14 1214 ’
243 1191 616 1243 Τυαίὒίειῆέξὶίο
628 1194 808 1243 daemon
819 1192 884 1242 est
907 1233 920 1252 ,
953 1209 1095 1258 quem

242 1261 327 1308 alis
340 1261 386 1307 in
405 1260 558 1309 corde:
596 1260 688 1307 haec
711 1260 974 1308 archimima
998 1298 1011 1317 ‚
1047 1262 1093 1321 in

242 1327 476 1373 umbratili
495 1327 726 1373 memoriae
743 1322 868 1373 scena
888 1365 900 1382 ‚
934 1341 1093 1388 reprae-

246 1388 417 1438 sentare
442 1393 505 1438 nil
533 1391 713 1447 didicit,
749 1391 828 1439 nisi
862 1394 1088 1454 Cyprum.

244 1459 294 1504 In
306 1459 459 1504 animo
473 1456 597 1504 olida
609 1458 689 1504 tibi
699 1455 875 1519 stagnat
895 1458 1092 1519 mephy-

10 1574 11 1577 Ἴ
229 1523 326 1579 tis,
360 1524 619 1579 Semiramis,
652 1523 780 1586 quod
797 1524 1029 1585 purulenti
1046 1524 1093 1570 in

10 1587 128 1636 'Man-
169 1589 476 1650 15.cerebrum
488 1585 574 1635 sese
592 1588 748 1636 levent
773 1590 1001 1652 vapores?
1042 1588 1092 1636 de

8 1658 57 1701 lv.
99 1667 165 1710 19.
239 1653 365 1701 corde
376 1658 815 1719 exeantcogitationes
840 1673 854 1699 .·
893 1654 1091 1701 radicem

8 1727 10 1734 '
242 1719 372 1775 tolle,
407 1720 762 1780 amoremejice3
801 1716 993 1767 essenon
1010 1719 1091 1766 de-

242 1785 322 1830 bes
343 1799 498 1832 amans
520 1822 532 1841 ‚
585 1782 670 1831 effe
701 1787 748 1832 ni
772 1787 886 1833 velis
915 1801 1088 1833 amens.

242 1851 439 1897 Miratus
451 1850 736 1899 illehancfibi
754 1866 926 1898 novam
936 1851 1090 1914 philo·

173 1915 182 1930 '
241 1912 447 1977 sophiam
474 1931 483 1961 :
519 1931 575 1962 an
594 1912 767 1964 secutus
788 1916 840 1964 sit
857 1954 872 1973 ,
907 1919 958 1965 &
981 1932 1089 1963 exe-

238 1993 371 2028 cutus
404 2017 416 2036 ,
466 1996 560 2027 non
600 1983 802 2044 comperi
850 1979 1086 2030 hmstenus.

240 2047 405 2094 MEL:
444 2040 587 2094 Recte
608 2046 679 2093 hic
710 2046 960 2110 equidem3
994 2064 1089 2095 non

240 2108 541 2161 emarcescunt
554 2111 767 2160 haeclolia
789 2150 802 2168 ,
840 2112 918 2160 nisi
940 2111 1088 2175 stirpi-

242 2174 318 2224 tus
350 2176 647 2223 eradicentur.
732 2178 909 2225 Scilicet
942 2177 1050 2224 ideae
1072 2215 1085 2236 ,

239 2256 354 2303 quas
383 2241 519 2288 tradit
543 2243 722 2304 profani
741 2245 909 2290 amoris
934 2244 1087 2305 philo-

239 2305 396 2369 sophia
413 2345 426 2363 ,
463 2319 632 2354 aeternae
643 2305 742 2355 sunt
762 2310 1087 2357 &immutabi-

241 2371 306 2418 les
329 2389 342 2430 3
381 2388 487 2419 nam
507 2373 607 2420 illas
629 2374 673 2420 in
695 2375 836 2420 Lunae
853 2390 1054 2423 concavo
1071 2411 1085 2431 ‚

239 2451 474 2498 nunquam
487 2454 580 2485 non
594 2441 964 2502 contemplantur
975 2442 1087 2488 Lat-

240 2502 662 2564 miiEndymiones.
714 2507 771 2551 Et
789 2506 1084 2568 quodpejus3

240 2577 398 2613 contra
414 2565 710 2631 Philosophiae
738 2569 897 2617 nostrae
923 2572 1087 2634 princi-

238 2631 314 2693 pia
325 2644 465 2693 agunt
476 2632 541 2678 hae
554 2631 716 2696 species
728 2637 775 2682 in
796 2638 967 2683 virtute
986 2633 1086 2683 sub-

236 2693 432 2754 stantiae,
462 2712 544 2747 nec
562 2696 668 2750 raro
696 2702 891 2766 tragicos
911 2701 1086 2767 produ-

899 93 1084 146 Flamma
1111 90 1363 147 Promethei.
1798 131 1812 151 f

1164 224 1273 262 cunt
1291 209 1482 263 effeetus
1506 222 1522 257 ε’
1555 210 1655 262 imo
1683 250 1699 269 .,
1728 211 1857 275 quod
1890 228 2018 276 para-

1165 279 1375 328 doxum:
1405 296 1489 344 vper
1522 279 1621 327 illas
1650 291 1791 342 agunt
1811 276 1948 327 causae
1971 281 2019 326 in

1164 343 1362 394 distans:
1400 348 1446 392 in
1464 342 1938 401 absentiavulnerant‚
1967 346 2017 395 &

1165 407 1273 473 saepe
1297 427 1376 474 per
1416 408 1713 474 sympaticam
1745 411 2017 472 antipatiam

1162 474 1364 524 absentes
1377 492 1569 540 quoque
1578 474 1806 523 occidunt.
1825 475 1912 523 Sed
1924 476 2016 522 haec

1160 538 1238 588 sub
1250 539 1346 588 rosa
1370 559 1384 600 ;
1411 541 1652 590 redeamus
1667 544 1713 588 in
1730 542 1944 589 orbitam.

1223 608 1392 656 LEUC
1429 623 1439 654 τ
1486 607 1536 655 Id
1573 623 1660 670 ego
1693 605 1871 655 edoceri
1918 607 2015 668 jam

1155 686 1387 733 cuperem,
1418 672 1778 720 undetantanon
1788 670 1892 720 raro
1912 687 2012 719 me-

1157 737 1375 784 moriaeiit
1402 736 1659 786 differentia
1690 740 1705 785 ἓ
1744 733 1871 795 sunt,
1905 738 2012 801 qui-·

1156 803 1240 849 bus
1261 803 1495 851 cerebrum
1515 840 1528 860 ,
1572 815 1706 867 putes
1728 841 1740 859 ,
1774 820 1878 850 cum
1902 807 2009 851 Bat-

1158 878 1208 914 to
1236 868 1282 914 in
1315 868 1514 931 lapidem
1537 866 1795 926 obduruisse
1826 906 1839 925 ‚
1888 866 2009 916 adeo

1153 931 1318 980 duram
1355 932 1398 981 se
1424 936 1516 982 illis
1541 936 1727 982 exhibet
1761 948 2009 982 novercam

1150 1011 1327 1045 natura.
1373 1001 1568 1048 Sicolim
1586 1000 1839 1056 Herodem,
1865 1014 2007 1064 quem
2017 1001 2179 1065 Arefius

1148 1078 1466 1126 cognomento
1493 1065 1753 1130 Sophistam
1774 1064 2040 1119 Historio—l.
2061 1072 2106 1118 6.
2124 1070 2208 1115 im-

1150 1130 1310 1191 graphi
1320 1133 1562 1180 nominant
1583 1170 1598 1188 ,
1630 1133 1676 1180 in
1698 1131 1932 1196 stuporem
1949 1134 2114 1199 u—pres.
2133 1131 2249 1194 178.v

1150 1197 1280 1257 tique
1303 1233 1315 1252 ‚
1352 1199 1501 1259 rapuit
1512 1195 1635 1246 filius
1649 1197 1766 1246 adeo
1778 1196 2003 1262 stupidus,

1148 1272 1202 1306 ut
1216 1262 1377 1323 viginti
1398 1276 1598 1327 quatuor
1609 1266 1750 1313 Graeci
1773 1265 2006 1326 alphabeti

1148 1326 1374 1375 litterulas
1403 1366 1415 1384 ‚
1453 1330 1584 1376 nullo
1618 1332 1775 1377 labore
1795 1341 2002 1392 caperet,

1147 1407 1297 1453 usque
1329 1393 1442 1441 dum
1466 1432 1479 1450 ‚
1519 1393 1779 1442 constitutis
1813 1395 2002 1443 tandem

1147 1457 1383 1517 ephebulis
1402 1497 1416 1516 ‚
1467 1475 1586 1523 quos
1625 1461 1824 1509 totidem
1844 1463 2002 1508 chara-

1146 1520 1290 1588 fsseres
1310 1523 1623 1582 distinxerant,
1643 1529 2003 1589 percontinuam

1145 1586 1394 1651 longissimi
1416 1593 1636 1654 temporis
1653 1589 2001 1651 assuetudinem,

1144 1666 1314 1701 naturae
1324 1655 1540 1704 duritiem
1553 1654 1805 1720 superasset.
1839 1657 2000 1728 Qid?

1147 1719 1276 1781 quod
1294 1723 1344 1769 &
1365 1723 1591 1770 Nationes
1608 1725 1808 1787 integras
1833 1762 1845 1781 ‚
1883 1737 2000 1786 quas

1143 1785 1263 1832 inter
1280 1787 1420 1834 etiam
1451 1789 1644 1836 Thracia
1667 1827 1682 1846 ,
1718 1803 1813 1837 tam
1846 1790 2000 1837 hebeti

1144 1851 1368 1899 memoria
1391 1855 1632 1915 perhibent
1656 1892 1669 1911 ‚
1705 1868 1757 1902 ut
1775 1854 1909 1903 citius
1930 1856 1998 1901 la-

1144 1915 1301 1979 pidem
1318 1932 1449 1966 cavet
1485 1932 1618 1982 gutta
1635 1957 1648 1977 ,
1699 1919 1840 1983 quam
1872 1921 1964 1967 illis
1983 1956 1997 1975 .

1145 1979 1425 2030 obstinatum
1452 1985 1497 2032 in
1521 1983 1597 2034 sua
1629 1985 1797 2034 duritia
1823 2024 1837 2044 ,
1876 2002 1999 2033 cere-

1143 2047 1277 2095 brum
1287 2050 1566 2109 emolliatur,
1580 2051 1757 2101 Contra
1769 2053 1883 2100 alios
1896 2066 1995 2098 me⁶

1142 2114 1290 2161 moria
1311 2115 1416 2162 beat
1441 2128 1537 2164 tam
1567 2118 1682 2165 felix
1706 2155 1718 2174 ,
1747 2130 1801 2165 ut
1831 2119 1996 2165 huma-

1141 2193 1249 2225 nam
1260 2183 1603 2243 propemodum
1615 2180 1756 2231 fidem
1779 2200 1849 2231 res
1863 2180 1991 2247 supe-

1141 2256 1226 2291 ret.
1293 2242 1432 2297 Certe
1451 2246 1533 2296 ate
1545 2247 1639 2312 ipso
1649 2246 1890 2314 percepisse
1917 2263 1994 2296 me
2006 2240 2083 2304 'ps‘
2104 2237 2133 2292 l·
2154 2255 2198 2296 1.

1143 2311 1366 2369 memini,
1400 2315 1617 2362 Senecam
1638 2332 1758 2363 nunc
1786 2317 1854 2363 bis
1887 2304 2178 2362 cen-declam.

1144 2387 1245 2423 tum
1254 2377 1520 2427 hexametra
1540 2418 1552 2436 ‚
1591 2397 1711 2428 nunc
1728 2381 1823 2428 duo
1841 2383 1994 2428 nomi-

1141 2456 1256 2489 num
1274 2444 1419 2491 millia
1440 2483 1452 2502 ‚
1489 2446 1649 2494 auditu
1668 2447 1804 2494 unico
1839 2462 1993 2509 perce-

1141 2517 1220 2570 pta
1243 2545 1256 2565 ,
1293 2525 1389 2557 non
1401 2507 1551 2558 solum
1562 2512 1839 2560 haesitatione
1849 2513 1992 2568 nulla,

1142 2570 1215 2619 sed
1227 2573 1366 2622 etiam
1377 2575 1537 2623 ordine
1556 2577 1824 2641 retrogrado
1843 2615 1856 2633 ,
1893 2592 1993 2624 me-

1140 2641 1332 2686 moriter
1349 2639 1599 2689 reddidiffe.
1639 2641 1959 2691 Mithridatem
1977 2634 2107 2700 ‚Pll'm
2133 2635 2162 2692 Ῑ.
2183 2639 2244 2702 7ο’”

1141 2703 1318 2752 duabus
1351 2702 1480 2771 supra
1515 2709 1680 2772 viginti
1713 2709 2036 2759 Nationibusc.
2063 2717 2138 2766 14,

1249 2772 1283 2821 F
1314 2783 1345 2825 2
1761 2774 1992 2838 imperan-
