2294 2933
303 97 400 146 3¹0

301 219 382 269 per
394 202 756 269 a‘eradirigente.
777 202 974 255 didicisse
993 200 1036 252 se
1047 204 1151 267 glo-

60 265 240 315 &¹050
300 272 498 326 riantur,
528 275 699 320 Naturd
733 272 1071 335 premonstratam
1109 274 1149 315 in

97 336 175 377 100

301 341 395 386 ce‘re
420 373 428 383 .
475 335 576 397 quid
600 339 642 384 in
661 352 769 402 aqua
783 338 876 397 sieri
906 342 1102 398 apamen
1134 370 1149 390 ,

301 403 370 448 uti
394 403 604 464 loquitur
631 402 826 457 Plinius,
865 403 1048 448 Naturae
1077 413 1149 444 ce-

297 467 435 514 lebris
456 465 779 514 Encomiastes.
857 473 991 513 ΜΗ..
1058 464 1146 510 Pli-

298 533 426 578 nium
449 534 653 586 Naturae,
677 546 721 577 te
746 531 1015 578 animalium
1039 543 1149 590 pro-

300 598 378 642 bas
404 594 742 643 Encom‘iasten:
781 597 892 660 quid
916 590 1143 656 superest?

295 660 376 707 nisi
394 663 631 709 utauritos
652 664 792 709 etiam
815 662 1011 710 Arcades
1032 673 1142 720 epo-

295 725 445 782 mide,
486 742 620 775 ornes
641 765 654 784 ,
691 744 740 775 ac
768 732 812 774 in
847 725 1143 776 Academiam

287 793 569 849 Brutorum,
610 793 822 842 homines
869 788 1142 839 erudiendos

290 858 474 904 invites.
539 858 628 907 Sed
648 859 842 913 falleris,
885 855 980 904 alio
1009 869 1144 916 argu-

290 924 459 969 mentis
471 924 540 971 his
551 927 755 988 navigas,
775 939 916 986 quam
929 918 1027 986 quo
1041 920 1144 965 vela

291 987 504 1036 intendis.
604 992 745 1037 Bruta
767 1005 898 1052 agere
929 986 1143 1041 [brundam

296 1066 466 1110 artem,
509 1056 826 1111 concedimus,
857 1052 985 1117 quod
1005 1060 1142 1113 agant

292 1133 350 1165 ex
374 1128 499 1177 Aru,
549 1137 798 1185 negamus,
844 1123 894 1169 &
921 1130 1141 1182 pernega-

287 1198 408 1232 mus·
498 1192 583 1235 Ars
613 1188 759 1243 enim,
808 1185 839 1233 si
878 1180 1142 1233 Dos‘torum

289 1251 470 1313 Angelo
516 1253 745 1300 credimus
771 1289 784 1308 ,
818 1248 883 1298 est
929 1249 1142 1296 crdinssitio

289 1322 466 1363 rationis
499 1318 553 1363 ad
596 1322 715 1374 finem
755 1337 766 1366 :
826 1318 928 1379 quis
985 1326 1141 1362 autem

288 1382 440 1428 Brutis
480 1382 708 1446 adjucabit
749 1383 938 1429 rationis
998 1376 1143 1426 dista-

284 1461 392 1494 men
417 1448 433 1494 ?
469 1451 572 1511 quis
592 1449 905 1513 cognitionem
926 1445 983 1493 ad
1007 1460 1144 1507 regu-

287 1514 355 1561 las
367 1526 536 1562 certam
549 1553 561 1570 ‚
591 1519 636 1563 vi
655 1516 723 1578 cuj
732 1530 783 1561 us
796 1510 995 1560 efficiant
1021 1526 1139 1573 opus

284 1579 402 1625 utile
437 1580 494 1626 ad
518 1577 661 1629 finem
687 1580 952 1627 intentum?
999 1592 1139 1624 nemo

288 1645 462 1701 hercle,
524 1647 604 1695 nisi
629 1648 800 1696 Circeis
828 1642 1059 1707 praestigiis
1093 1646 1139 1690 in

283 1712 477 1758 Brutum
550 1710 734 1774 penitus
835 1709 1134 1772 degenerzirit.

245 1803 250 1807 »
283 1781 442 1838 Agunt
496 1779 634 1840 igitur
671 1777 885 1826 ,sees-mim
938 1785 1083 1822 Artem
1123 1817 1135 1835 ‚

284 1857 499 1905 opusque
518 1841 748 1897 efficiunt,
780 1853 884 1889 utut
897 1839 1138 1891 conforme

284 1908 482 1970 regulis,
523 1925 620 1956 non
653 1922 808 1956 tamen
848 1907 1135 1957 elaboratum

283 1972 339 2019 ad
372 1974 568 2036 regulas.
635 1970 776 2024 Casus
799 1971 886 2028 est,
913 1975 1133 2023 naturalis

286 2036 546 2095 instindhis,
597 2039 688 2087 five
718 2035 986 2095 neceffitas,
1035 2055 1134 2103 quae

282 2110 444 2152 Artem
473 2108 523 2154 ἃ
543 2106 773 2162 imitatur,
805 2107 855 2153 &
875 2101 1133 2167 saepeetiam

50 2156 484 2232 Plin.l.11.superat:
530 2170 585 2218 iic
615 2175 896 2233 Protogenes
935 2170 993 2217 de
1021 2177 1134 2220 Arte

42 2237 84 2271 e.
112 2240 157 2285 9.

281 2238 518 2301 quondam
529 2233 764 2299 desperans
780 2275 792 2292 ,
821 2233 1132 2300 qua‘spumam

284 2303 539 2350 anhelantis
561 2298 752 2350 Molossi
784 2300 947 2349 frustra
980 2305 1131 2366 expri-

281 2383 406 2415 mere
426 2370 698 2423 conabatur,
737 2383 825 2428 prae
852 2368 1130 2430 indignatio-

938 84 1169 138 Academia'
1192 86 1440 163 Brutorum.

1301 202 1482 252 LEUC.
1547 204 1657 251 Non
1674 217 1769 250 uno
1789 202 1884 251 telo
1903 215 2047 249 arma-

1210 280 1257 313 ta
1276 265 1341 313 est
1364 269 1595 329 pharetra:
1647 269 1768 316 aliud
1810 268 1997 330 profero
2029 302 2042 322 ,

1204 331 1336 442 guod
1358 333 1432 379 vel
1453 330 1542 395 ipse
1554 331 1806 396 suppeditat
1817 334 2044 396 Stagirita,

1238 411 1319 443 um
1345 398 1525 459 apibus,
1552 400 1602 447 &
1628 399 1830 446 formicis
1849 396 2047 460 pruden-

1205 463 1316 509 tiam
1331 463 1512 519 tribuit,
1541 464 1731 512 rationis
1757 461 1924 518 filiam,
1947 475 2047 524 quae

1202 525 1443 574 necessario
1480 529 1664 574 vinculo
1692 543 1945 575 connexam
1977 543 2047 573 ar-

1199 594 1300 653 guit
1324 594 1566 640 rationem.
1635 595 1733 640 Nec
1764 580 2254 639 saneimme-Plin.l.1i’

1198 656 1292 703 riti)
1312 672 1327 715 3
1365 659 1623 705 tantaenim
1646 655 1832 720 tamque
1849 672 1946 704 rara
1980 653 2088 703 sa-C·
2113 666 2162 712 9.

1197 722 1406 784 gacitatis
1428 723 1568 770 edunt
1587 721 1850 786 specimina,
1877 734 1929 769 ut
1947 722 2048 768 Ari-

1198 785 1456 835 stomachus
1474 787 1667 837 Solensis
1695 804 1838 835 annos
1856 787 2049 833 omnino

1202 861 1277 911 58.
1316 851 1529 900 Philiscus
1570 852 1684 902 vero
1735 851 1926 904 Thasius
1974 864 2048 898 to-

1199 931 1295 964 tam
1328 919 1670 980 propemodum
1703 920 1849 966 vitam
1884 919 1931 964 in
1962 917 2047 962 ob-

1200 980 1426 1030 servandis
1483 1000 1643 1030 earum·
1688 985 1894 1031 moribus
1934 983 2050 1028 bene

1198 1045 1516 1111 consumptam
1534 1047 1619 1097 effe
1631 1048 1911 1097 existimarit.
1944 1050 2048 1094 Per-

1197 1114 1296 1175 cipe
1304 1115 1522 1176 paucula,
1542 1117 1591 1164 &
1610 1117 1657 1162 in
1680 1116 1882 1163 minimis
1900 1128 2049 1159 maxi-

1196 1195 1274 1225 ma
1306 1177 1606 1242 obstupesces.
1711 1187 1834 1243 Apes
1864 1193 2049 1226 monar-

1196 1245 1323 1291 chico
1350 1260 1568 1308 reguntur
1595 1249 1793 1309 Imperio
1815 1284 1827 1302 ,
1870 1248 2048 1308 Regem

1203 1312 1228 1356 a
1248 1313 1424 1366 Natura
1450 1310 1504 1357 ad
1538 1310 1825 1372 Majestatem
1861 1326 1948 1374 prae
1976 1325 2045 1356 re·
2057 1311 2234 1364 AEleanu
2273 1287 2282 1307 ὅ

1197 1377 1337 1437 liquis
1357 1374 1653 1423 efformatum
1674 1379 1925 1433 honorant,
1947 1374 2048 1423 sub-

1199 1438 1339 1487 mistis
1362 1444 1406 1487 in
1425 1443 1522 1504 ejus
1558 1439 1800 1505 coni'pec‘iu
1837 1443 2001 1490 aculeis
2028 1456 2042 1486 ε

1197 1509 1391 1569 Imperia
1410 1505 1677 1569 dispensanti
1701 1511 2041 1570 obtemperant:

1196 1571 1324 1618 domi
1353 1575 1554 1619 excubiis
1567 1575 1741 1635 Regem
1775 1586 1950 1637 tegunt,
1969 1572 2044 1618 fo-

1195 1639 1253 1684 tis
1285 1640 1478 1685 comites
1503 1635 1590 1685 suis
1629 1639 1836 1701 praesidiis
1881 1650 2039 1701 prote-

1193 1716 1334 1767 gunt3
1373 1700 1609 1750 sublevant
1634 1702 1821 1761 fessum,
1845 1720 1902 1751 eo
1927 1718 2038 1750 con-

1191 1768 1361 1814 sidente
1387 1767 1525 1816 castra
1537 1782 1770 1817 metantur
1785 1772 2041 1823 unanimes,

1192 1835 1474 1881 aberrantem
1512 1837 1772 1897 inquirunt,
1810 1835 2034 1884 Colonias

1191 1900 1560 1947 transferrentein
1584 1898 1857 1963 lequuntur,
1884 1916 1940 1947 eo
1967 1915 2039 1946 ca·-

1187 1978 1272 2027 pto
1293 1967 1554 2028 capiuntur,
1593 1966 1855 2014 dilabuntur
1875 1978 2036 2013 omnes

1190 2030 1358 2077 eodem
1392 2028 1552 2078 occiso.
1637 2032 1768 2102 Qid
1796 2032 1991 2094 amplius
2020 2029 2035 2074 3

1191 2094 1427 2159 vesparum
1442 2096 1642 2154 insidiaS,
1670 2101 1837 2146 locatis
1857 2096 1911 2144 ad
1928 2111 2052 2158 Ρομ

1192 2173 1285 2208 tam
1299 2164 1524 2218 excubiis,
1552 2176 1722 2211 arcent:
1756 2170 2037 2212 Aranearuin

1185 2227 1309 2276 furta
1327 2265 1340 2284 ,
1368 2244 1521 2275 amaro
1547 2230 1740 2290 glutine,
1779 2229 2033 2275 alvearibus

1190 2290 1395 2341 obduc'to
1427 2295 1688 2356 prohibent.
1815 2288 2035 2355 Magnifi-

1185 2375 1292 2406 cum
1318 2362 1461 2422 Regi,
1496 2360 1582 2406 alia
1612 2360 1711 2406 aliis
1736 2395 1749 2414 ‚
1781 2357 2035 2405 conditioni

274 2431 560 2496 ne.pr0je&5
584 2435 630 2480 jn
657 2434 862 2480 tabulam
895 2430 1080 2497 spongifi
1113 2473 1126 2493 ‚
1180 2427 1532 2488 proportionata
1572 2425 1736 2497 cubilia
1771 2422 2033 2496 exstruunt:

277 2498 334 2545 ad
365 2501 668 2554 miraculum,
732 2499 988 2546 naturalem
1024 2499 1127 2563 spu-
1181 2493 1360 2538 labores
1380 2491 1501 2538 aetati
1523 2498 1784 2551 contorgnes
1813 2527 1825 2544 ,
1852 2489 2039 2536 habita-

278 2578 404 2610 mam
453 2560 699 2627 expressit,
748 2563 927 2625 fortund
963 2567 1137 2630 castique

281 2637 494 2678 Noturcssm
547 2634 691 2675 mei-:iis
731 2629 992 2694 assequente,
1076 2628 1132 2680 {it

279 2695 463 2749 Author
487 2693 552 2746 est
574 2694 764 2747 Plinius.

1191 2574 1282 2621 que
1318 2557 1486 2602 virium
1519 2556 1697 2601 ratione
1740 2550 1990 2616 dispensant
2023 2569 2034 2600 :

1187 2639 1283 2675 non
1297 2634 1490 2677 exeunt,
1511 2620 1590 2667 nisi
1603 2621 1742 2668 Coelo
1756 2617 1926 2675 sereno,
1952 2633 2036 2665 nec

1131 2731 1137 2739 ,
1185 2689 1305 2755 ultra
1312 2684 1461 2752 passus
1474 2696 1551 2740 60·
1574 2683 1653 2735 nisi
1669 2681 1905 2749 permissus
1925 2700 2033 2746 pro-

1925 2741 2036 2798 vide
