2294 2933
292 63 384 119 1¹76

872 57 876 60 ’
944 61 1090 111 Mami
1121 57 1317 122 Feneflra.
1356 69 1364 74 ·

298 188 487 250 propter
507 182 646 242 opera
657 178 802 237 bona,
826 195 926 243 quae
946 171 1066 226 male
1082 178 1151 225 fe-
1202 172 1448 242 praefuisti',
1466 175 1725 230 commissas
1745 182 1949 231 ovimlas
1968 178 2056 232 rite

301 259 448 292 eunus
471 260 485 303 3
553 246 604 294 ὃ(
627 259 814 309 propter
834 260 974 308 opera
998 246 1120 290 bona
1137 279 1150 298 ,

300 324 403 373 quae
412 325 508 357 non
524 310 717 359 fecimus
729 348 741 366 ‚
761 313 811 360 ὃς
830 311 978 358 facere
995 320 1152 357 tamen

299 376 561 424 debuimus.
626 379 734 424 Haec
759 373 861 422 sunt
886 386 1070 439 peccata
1096 388 1151 419 o-

297 437 522 489 miffionis
536 478 548 497 ‚
569 441 806 490 &utinam
824 457 920 488 non
939 437 1048 504 saepe
1066 439 1151 485 ob-

300 508 487 555 livionis
514 504 524 552 Ξ
595 521 704 552 nam
725 508 880 553 animo
904 503 1038 555 facile
1057 505 1152 551 ela-

299 574 469 620 buntur
481 608 494 627 ,
514 586 614 633 quae
632 573 932 619 omittuntur.
1046 572 1155 617 Haec

297 638 510 685 dicuntur
544 636 570 684 ἐι
603 639 753 700 Regio
791 642 913 686 Vate
958 638 1118 684 occulta
1137 677 1151 696 ,

291 705 411 766 ,quia
427 702 560 750 nobis
580 703 626 750 in
645 705 743 751 vita
761 701 1052 769 potiffimum
1076 717 1154 750 oc-

297 770 545 817 cultantur.
611 770 788 818 Scimus
806 786 882 827 ea,
923 783 1024 833 quae
1042 770 1153 817 feci-

298 850 428 888 mus,
451 849 550 897 quae
563 850 657 882 non
667 837 883 892 fecimus,
947 837 1152 898 plerum-

301 917 401 964 quae
414 902 704 963 ignoramus:
729 901 944 949 dolemus
967 899 1076 963 saepe
1095 901 1154 947 de

300 961 551 1015 commistis
563 1004 575 1022 ,
593 964 736 1015 rarius
749 966 806 1013 de
824 964 1026 1025 omiffis;
1049 967 1154 1014 hinc

300 1029 720 1080 omiffacommiffis
735 1035 915 1096 pejora:
966 1046 1074 1080 nam
1084 1033 1154 1080 fa-

298 1093 470 1146 cillime
507 1099 700 1146 facimus
723 1137 736 1155 ,
770 1093 1042 1146 difficillime
1077 1114 1155 1146 co-

299 1162 560 1229 gnoscimus
572 1201 584 1220 ,
608 1159 826 1213 rarissime
836 1163 1152 1212 emendamus.

301 1232 526 1280 Terribile
563 1232 648 1278 erit
690 1229 912 1292 judicium
966 1242 1156 1293 propter

302 1294 560 1352 commissa,
595 1297 839 1344 terribilius
887 1309 1075 1360 propter
1103 1310 1158 1342 o-

303 1360 450 1411 missa:
477 1363 690 1425 peribunt
710 1363 871 1419 multi,
890 1374 1155 1425 propterea,

304 1443 406 1494 quae
415 1430 621 1476 fecerunt
638 1466 650 1485 ,
670 1428 857 1491 plurimi
874 1441 1064 1490 propter
1085 1442 1159 1482 ea,

303 1509 405 1558 quae
430 1510 525 1542 non
562 1494 785 1542 fecerunt.
859 1493 980 1542 Hinc
1009 1491 1160 1556 Judex

302 1562 505 1609 Divinus
527 1559 769 1608 decisivam
791 1560 941 1608 ferens
965 1561 1011 1606 in
1028 1558 1160 1606 dam-

305 1639 440 1675 natos
453 1628 756 1683 Sententiam,
771 1642 866 1673 non
886 1625 1007 1672 dicet
1027 1662 1040 1681 ,
1079 1628 1160 1680 ite,

306 1695 414 1756 quia
426 1690 620 1750 fecistis;
643 1689 717 1739 sed
737 1700 817 1745 ire,
842 1692 950 1754 quia
970 1706 1064 1737 non
1091 1689 1162 1736 fe-

305 1756 547 1814 cist³s,non
568 1758 783 1820 allegabit
802 1753 1036 1804 commissa
1051 1793 1063 1811 ,
1084 1751 1158 1802 sed

305 1825 599 1887 exprobrabit
643 1820 804 1871 omiffa
831 1838 841 1870 ε
909 1830 968 1871 lte
983 1859 997 1876 ,
1048 1822 1157 1883 quia

303 1905 386 1938 non
408 1888 594 1937 dedistis
611 1890 790 1945 bibere,
812 1904 894 1935 non
910 1885 1155 1936 manduca-

301 1971 365 2003 re.
430 1958 537 2004 Heu
572 1952 583 2003 Ξ
648 1966 766 2018 quot
797 1953 1030 2017 ejusmodi
1074 1967 1155 2000 non

306 2017 700 2084 (vereparticulas
710 2021 1004 2084 malignantis
1022 2030 1157 2084 natu-

305 2102 362 2134 rae
384 2083 393 2133 !
459 2091 482 2147 )
505 2102 612 2135 tunc
631 2089 763 2134 nobis
781 2086 968 2150 deteget
987 2085 1158 2132 Divina

305 2152 528 2201 Nemesis.
595 2155 745 2210 Dicet,
763 2168 844 2200 non
854 2149 1038 2216 fecistis,
1058 2163 1157 2213 quae

309 2217 527 2270 debuistis
556 2234 566 2265 ε
604 2230 676 2267 tot
705 2219 883 2266 monita
903 2234 984 2264 non
1007 2229 1155 2265 atten-

308 2281 434 2331 distis
447 2323 459 2341 ,
485 2295 558 2332 tot
573 2282 852 2334 conscientiae
867 2281 1062 2331 stimulis
1075 2296 1156 2329 non

308 2348 612 2413 paruistis,tot
621 2353 790 2416 gratias
802 2364 883 2398 non
894 2346 1152 2413 arripuistis:

306 2431 374 2464 vae
389 2417 467 2463 tibi
493 2418 754 2470 chorozain,
786 2430 851 2462 ve
872 2412 1153 2472 tihiBetbsni·

308 2479 392 2529 aa!
426 2483 485 2529 Et
507 2482 619 2545 quid
651 2496 845 2546 repones
864 2517 878 2538 ,
919 2479 949 2529 si
975 2481 1057 2529 tibi
1074 2495 1156 2527 ex·-

309 2547 496 2611 probret
516 2550 716 2597 Divinus
733 2547 883 2611 Judex
903 2563 913 2594 :
952 2543 1156 2594 studium

309 2628 473 2670 omne,
503 2617 725 2662 continuo
744 2613 869 2669 otio,
892 2609 1153 2675 neglexisti:

308 2678 413 2730 hinc
426 2675 547 2730 male
557 2691 821 2748 promotus,
831 2675 967 2746 pejus
977 2677 1156 2730 muneri

1205 241 1383 307 pascere
1403 262 1483 292 nen
1502 244 1716 309 potuisti:
1749 246 1801 298 &
1825 240 2059 298 itamultis

1206 312 1344 358 ruinae
1362 311 1533 359 occafio
1565 311 1757 362 extitisti
1779 329 1789 360 :
1823 314 1963 362 redde
1987 329 2060 363 ra·

1205 377 1381 424 tionem
1390 375 1450 423 de
1460 377 1711 435 animabus,
1724 394 1838 442 quas
1850 377 2059 428 omiffio-

1206 457 1266 489 ne
1283 438 1471 505 pessima
1492 442 1746 505 perdidisti!
1772 440 1944 495 Nonne
1965 449 2060 494 Xa-

1208 510 1362 554 verius
1373 545 1385 562 ,
1397 507 1430 557 si
1443 508 1625 571 Sophus
1636 507 1861 558 constanti
1879 514 1980 559 otio
1991 513 2061 560 in-

1209 571 1408 620 dulsiffet
1427 611 1439 629 ,
1477 570 1629 622 forsan
1659 585 1732 622 tot
1764 579 1936 625 animas
1981 592 2062 624 nou

1209 636 1529 687 convertiffet!
1563 639 1694 712 Qd
1720 639 1841 688 dices
1864 679 1876 698 ,
1912 641 1944 690 si
1981 642 2064 690 tibi

1209 716 1400 769 oggerat
1420 721 1430 750 z
1460 718 1708 754 vocantem
1728 719 1805 753 me
1824 708 2062 769 quondam

1207 787 1288 819 non
1311 768 1491 819 audiisti
1511 809 1524 829 ,
1559 774 1604 819 in
1622 773 1894 821 vocationis
1920 775 2063 836 gratia

1210 847 1283 884 tot
1293 839 1460 900 gratias
1472 835 1711 901 neglexisti
1725 875 1737 894 ,
1756 837 1827 886 his
1843 835 2065 902 negleffis

1211 905 1255 949 in
1269 903 1468 964 pericula
1489 940 1502 959 ‚
1537 919 1618 966 per
1639 905 1841 966 pericula
1862 905 1906 950 in
1938 904 2061 950 mul-

1211 980 1256 1015 ta
1268 965 1430 1015 scelera
1449 965 1664 1024 incidisti,
1681 971 1731 1017 &
1753 967 1809 1015 s1c
1822 966 1964 1017 salute
1981 985 2063 1016 ex-
2092 971 2099 977 ‘

1210 1031 1353 1080 cidisti
1382 1071 1394 1089 ,
1425 1032 1565 1081 redde
1580 1035 1809 1081 rationem
1827 1033 1885 1082 de
1896 1037 2061 1091 anima,

1211 1114 1354 1162 quam
1375 1098 1514 1160 hujus
1544 1098 1776 1147 occasione
1807 1096 2063 1148 omissionis

1210 1159 1370 1212 misere
1378 1161 1612 1227 perdidisti
1624 1162 1636 1212 l
1662 1158 1835 1225 Nonne
1847 1166 2065 1215 Matheus

1212 1230 1243 1279 si
1272 1232 1459 1278 DEUM
1488 1243 1731 1278 vocantem
1760 1228 1815 1278 fic
1839 1228 2068 1295 neglexis-

1214 1293 1279 1343 set
1302 1333 1316 1352 ,
1352 1297 1398 1342 in
1418 1296 1596 1343 telonio
1615 1295 1713 1344 fors
1746 1294 1943 1358 periisset
1965 1335 1978 1353 ,
2016 1299 2067 1347 &

1212 1377 1294 1424 per
1314 1358 1505 1408 sedecim
1527 1359 1680 1408 saecula
1699 1363 1744 1408 in
1770 1362 1949 1410 inferno
1970 1363 2066 1410 for-

1216 1426 1328 1475 sitan
1364 1428 1459 1489 jam
1486 1424 1680 1474 arfiffet?
1733 1427 1865 1495 Qid
1910 1427 2032 1475 dices
2054 1464 2067 1484 .

1215 1492 1341 1541 sitibi
1351 1493 1535 1555 objiciat
1557 1508 1568 1539 τ
1604 1508 1679 1539 me
1703 1494 1976 1542 invitantem
2012 1491 2069 1540 ad

1214 1559 1409 1605 meliora
1422 1575 1503 1605 non
1522 1556 1728 1615 audiisti,
1764 1559 1933 1606 auxilia
1966 1574 2070 1622 gra-

1216 1625 1288 1671 tiae
1305 1621 1572 1687 neglexisti,
1614 1623 1870 1672 occasiones
1883 1640 2072 1688 peccan-

1215 1689 1355 1737 dinon
1377 1687 1555 1738 evitasti
1579 1726 1592 1745 ,
1635 1692 1920 1752 poenitentiae
1942 1691 2074 1737 tabu·
2147 1733 2150 1734 γ

1213 1755 1308 1802 lam
1333 1771 1414 1802 non
1431 1754 1678 1817 arripuisti,
1716 1751 1875 1817 sicque
1903 1769 2075 1803 aeterno

1211 1820 1455 1884 naufragio
1490 1819 1696 1882 periisti:
1749 1820 1890 1868 redde
1929 1823 2076 1869 ratio-

1210 1901 1318 1934 nem
1338 1886 1396 1934 de
1420 1887 1594 1942 anima,
1644 1901 1786 1949 quam
1819 1882 2062 1940 omisfione

1210 1952 1294 1999 hac
1321 1951 1452 2000 unica
1486 1949 1755 2014 perdidisti!
1819 1946 1991 2000 Nonne
2026 1952 2058 2001 fi

1211 2016 1494 2081 Augustinus
1532 2017 1702 2065 librum
1739 2033 1833 2064 non
1866 2015 2059 2065 sustulis-

1214 2080 1278 2130 set
1302 2121 1315 2140 ,
1349 2085 1394 2131 in
1413 2081 1498 2130 suis
1517 2083 1704 2130 forsitan
1725 2079 1927 2130 sordibus
1959 2099 2061 2145 per-

1212 2146 1350 2205 iisset,
1384 2150 1558 2196 verbo:
1598 2159 1778 2211 peccata
1804 2145 2060 2196 omiffionis

1210 2230 1306 2263 non
1329 2213 1589 2262 omittenda
1611 2211 1868 2262 Christiano
1904 2214 2059 2262 Philo-

1210 2278 1358 2343 sopho
1370 2318 1384 2337 ,
1403 2281 1572 2327 veritas
1583 2276 1670 2334 est,
1697 2293 1839 2341 quam
1857 2281 2059 2342 Scriptu-

1211 2361 1267 2394 rae
1285 2345 1485 2394 Oracula
1506 2341 1615 2407 saepe
1633 2344 1857 2392 inculcant
1877 2381 1889 2401 ,
1916 2359 2059 2407 quam

1211 2412 1412 2462 Annales
1464 2407 1570 2457 sacri
1608 2410 1785 2472 tragicis
1830 2411 2058 2473 exemplis

1210 2473 1499 2525 confirmant.
1567 2475 1656 2523 Sed
1682 2489 1776 2522 non
1797 2486 1931 2537 potes
1949 2492 2057 2538 por-

1210 2555 1305 2591 tare
1315 2539 1464 2590 modo
1478 2557 1488 2587 :
1502 2536 1665 2590 sufficit
1675 2578 1687 2597 ,
1699 2539 1729 2588 si
1739 2555 1845 2588 cum
1856 2541 2057 2603 Prophe-

1210 2622 1256 2656 ta
1268 2605 1377 2672 saepe
1390 2607 1618 2657 exclames
1630 2623 1640 2656 z
1658 2607 1709 2657 ab
1720 2605 1889 2657 occultis
1901 2605 2056 2654 munda

1208 2689 1272 2726 me
1290 2676 1500 2728 Domine!

1858 2733 2026 2785 LEUC
2042 2749 2054 2784 ε
