2294 2933
316 64 414 117 roz'
883 67 1004 127 ScyBa
1017 79 1139 127 atque
1151 58 1391 124 ‘Glsarybdisss
1421 45 1451 68 ²

480 184 607 247 Qu
618 182 784 230 oculata
793 185 952 228 malitia
968 214 986 240 ,
1117 190 1119 192 ’
1211 186 1329 228 Nam
1352 189 1576 229 remoratur
1587 177 1762 244 fhlutem
1778 217 1796 242 ,
1835 187 1930 234 dum
1953 193 2052 235 reti‘-

346 248 448 310 Qae
461 247 552 307 fine
561 246 736 309 strepitu
753 244 961 304 sich-vertit
980 260 1124 292 ratem.
1340 255 1344 259 ’
1490 262 1561 293 net
1590 264 1774 295 mortem.

442 315 504 357 In
520 314 642 357 Oculo
662 313 770 356 nulla
797 314 978 356 tonitrua
994 341 1012 366 ,
1526 316 1702 361 Accedit
1720 344 1738 370 ‚

343 377 455 421 Sed
443 373 660 439 improvisi)
676 388 714 421 te
733 377 907 420 obruunt
913 375 1093 434 fulmina
1105 406 1124 433 ,
1277 370 1403 439 Qod
1425 375 1569 437 triculp
1572 379 1649 422 idis
1672 383 1859 442 Neptuni
1875 382 1988 427 vices

312 437 479 501 Periisti
511 471 529 497 ,
575 458 644 486 nec
668 437 826 501 peristi?
858 453 897 484 te
918 442 1152 502 advertisti.
1364 437 1500 486 Male
1513 440 1696 502 suppleat
1710 448 1856 506 Cupido
1880 475 1898 501 ,

572 506 681 549 Illud
707 505 851 547 mirum
876 532 895 559 ,
1085 533 1089 536 -
1209 507 1328 548 Nam
1362 507 1474 550 unico
1504 507 1583 549 telo
1617 508 1763 567 triplex
1787 508 1886 571 slepe
1905 511 2056 573 infligit

399 565 527 633 Qod
549 565 642 613 rare)
658 568 777 611 bruta
784 568 874 626 sne
882 569 1073 628 fulmine
1099 588 1105 602 ³
1541 573 1696 615 vulnus
1718 586 1731 615 .·

626 632 815 692 fulgura.
1294 635 1346 678 In
1361 633 1525 678 humore
1549 633 1728 695 piscatur
1746 639 1961 709 pellucido,

410 701 561 757 Neque
568 698 740 756 flamma
756 699 1009 767 extinguitur
1023 730 1042 756 ,
1446 703 1504 744 Et
1526 714 1658 744 tamen
1681 704 1815 761 capit:

419 762 508 817 Etsi
529 760 712 820 transeat
733 777 805 823 per
810 763 1045 809 humores·
1031 795 1058 814 ‚
1426 759 1516 808 Imo
1545 765 1604 809 nil
1636 778 1791 825 caperet
1815 796 1833 821 ,

540 823 629 872 Imo
655 829 910 883 intenditur,
1148 828 1150 830 ’
1194 831 1196 833 ’
1361 829 1435 872 Si
1423 844 1464 872 m
1487 829 1642 873 turbido
1658 829 1895 903 piscaretur.

367 892 424 937 Et
434 889 506 952 ips
488 908 523 937 s
533 895 649 965 aquis
675 891 892 948 demerfizm
910 895 1085 940 incendit
1123 936 1129 952 ‚7
1274 951 1278 954 .
1337 894 1513 937 Hamum
1533 895 1693 953 projicit
1721 896 1909 954 igneum,

631 957 814 1014 cymbam.
904 970 924 1010 ὲ)
1124 990 1128 992 »
1283 954 1285 957 ’
1328 957 1584 1001 Mordemus
1599 987 1617 1012 ,
1652 959 1698 1005 δέ*
1718 963 1923 1006 morimur.

572 1021 869 1083 Obstupescite.
861 1025 877 1051 ¹
1269 1020 1335 1065 Sic
1355 1022 1531 1065 inundis
1541 1018 1682 1066 natam
1700 1025 1733 1067 is
1751 1025 1840 1084 igne
1852 1027 1986 1072 nutrit

343 1085 395 1131 In
413 1087 517 1130 mari
539 1089 654 1132 Oculi
683 1088 819 1132 vitreo
836 1116 855 1142 ‚
893 1087 984 1147 sine
995 1101 1117 1136 cantu
1377 1090 1626 1146 Degenerem
1663 1091 1872 1135 Venerem.

552 1163 693 1197 nocent
715 1154 893 1197 Sirenes:
920 1174 922 1176 v
982 1172 984 1174 ’
1063 1172 1067 1175 ·
1403 1149 1667 1212 obstupescite
1691 1154 1849 1198 Sidera.

335 1213 522 1273 Influunt
537 1231 609 1277 per
621 1218 804 1262 humores
819 1245 838 1272 ,
870 1230 917 1262 ut
937 1218 1117 1280 inficiant
1268 1208 1395 1278 Qod
1414 1216 1523 1260 nobis
1551 1217 1731 1262 occludat
1749 1219 1893 1264 Sidera
1915 1218 1986 1266 boc

639 1298 766 1327 mores
791 1297 803 1327 .·
1455 1281 1613 1340 frontis
1630 1281 1784 1333 Sidus:

327 1346 479 1394 Sordes,
493 1361 569 1390 non
590 1347 759 1391 abluunt
777 1348 817 1391 in
820 1346 965 1407 stagno
989 1364 1113 1406 uveo,
1203 1345 1298 1389 Lux
1317 1341 1398 1406 ipsa
1419 1373 1437 1399 ‚
1498 1362 1576 1405 qua
1597 1347 1698 1390 nihil
1723 1349 1890 1403 melius,
1947 1349 2047 1394 nibil

373 1415 426 1458 In
447 1426 552 1470 aqua
570 1413 656 1457 lotae
677 1442 693 1467 ,
739 1425 903 1457 manent
922 1415 1036 1458 illotae
1051 1445 1069 1470 ,
1482 1413 1589 1455 oculo
1608 1413 1756 1472 pejus:

426 1479 520 1521 Nec
538 1475 610 1535 effe
631 1476 814 1536 desinunt
833 1479 1018 1539 impurae,
1201 1474 1436 1535 splenderet
1460 1470 1600 1520 melius
1633 1505 1651 1530 ,
1692 1476 1737 1536 fi
1759 1493 1837 1522 uon
1859 1475 2044 1539 splende-

360 1540 452 1599 Etfi
474 1543 516 1585 in
540 1555 641 1603 puro
677 1544 858 1586 natitent
880 1543 1067 1602 crystaao.
1534 1551 1537 1553 ’
1570 1553 1633 1586 Yet
1647 1569 1665 1595 2

467 1607 568 1651 Tam
584 1604 686 1665 sunt
708 1606 934 1667 contagiosa
961 1638 979 1663 ,
1045 1647 1048 1653 .
1168 1657 1176 1661 „
1204 1603 1375 1653 Wderet
1395 1597 1536 1650 melitis
1559 1608 1709 1652 Oculus
1725 1634 1744 1662 ,
1778 1606 1822 1667 fi
1835 1609 1896 1653 nil
1919 1609 2043 1654 vide-

451 1674 511 1717 Ut
531 1669 622 1730 βία
633 1670 809 1730 fitfficiat
830 1671 994 1734 species.
1562 1684 1627 1716 ret
1647 1699 1665 1727 ‚

337 1735 414 1782 Ad
430 1735 736 1815 deformandam
755 1736 1097 1798 animaespeciem:
1232 1737 1326 1778 Nec
1339 1749 1412 1803 per
1434 1737 1559 1780 lucem
1581 1737 1780 1796 ingereret
1805 1737 2009 1782 tenebras:

337 1795 446 1846 Imo
465 1797 541 1861 qub
555 1802 755 1881 pulchrior
765 1817 901 1847 earum
904 1803 1044 1861 formu
1055 1833 1074 1860 ,
1197 1796 1242 1845 Si
1261 1795 1584 1854 caecleffemus‚
1601 1814 1836 1861 peccatum
1857 1815 1949 1847 non
1960 1801 2036 1847 ha·
2049 1809 2179 1874 joan.
2209 1824 2254 1861 9.

487 1862 547 1910 Eo
569 1862 698 1926 magis
722 1866 940 1925 deformat.
1118 1866 1121 1867 ⁷
1507 1864 1732 1910 heremus.
2049 1890 2100 1920 v
2133 1891 2211 1921 41

519 1931 622 1975 Tum
632 1929 733 1990 fient
750 1935 917 1987 nocivae,
1197 1933 1308 1989 Dum
1330 1926 1420 1990 ergo
1449 1945 1520 1976 nos
1541 1927 1646 1976 male
1670 1932 1870 1976 illuminat
1892 1961 1910 1987 ‚
1966 1948 2039 1976 ex-

297 1997 357 2039 Ut
388 1995 624 2040 blandiendo
644 1996 797 2055 furant
814 2027 831 2052 ,
881 1999 1138 2043 illuminando
1533 2008 1648 2041 cacat
1668 2024 1685 2052 ‚

593 2059 799 2118 obscurent
817 2091 834 2116 ,
1194 2061 1288 2105 Nec
1319 2061 1483 2122 patitur
1513 2076 1689 2120 unquam
1714 2063 1903 2120 maJ'orem
1937 2063 2032 2119 ecly-

295 2122 537 2168 Oblectando
569 2127 743 2170 crucient
771 2155 787 2180 ‚
837 2128 1041 2191 alliciendo
1076 2130 1140 2173 in-
1565 2126 1650 2186 pfin

619 2189 656 2248 s
641 2203 766 2233 ciant
796 2219 813 2244 ,
1319 2188 1546 2248 Mtcrocos
1534 2205 1588 2234 m
1608 2192 1669 2234 hic
1685 2195 1734 2247 C)
1737 2191 1872 2234 nthius
1886 2219 1908 2247 ,

321 2248 542 2311 Praesentia
566 2255 778 2313 inquinent
796 2282 814 2308 ‚
849 2252 1003 2315 aspectu
1032 2273 1102 2302 ne-
1382 2254 1521 2315 Qam
1546 2270 1634 2298 cum
1650 2252 1849 2314 splendet.

658 2331 761 2363 cent.
1455 2317 1718 2379 Obstupescite
1738 2347 1756 2374 ,

369 2384 464 2426 Nec
493 2383 676 2426 innocens
694 2381 775 2444 ipſsa
795 2382 850 2442 est
866 2386 1045 2439 Retinet,
1220 2377 1347 2445 Qod
1367 2384 1488 2428 etiam
1505 2386 1668 2443 Optima
1685 2413 1723 2438 ‚
1747 2385 1869 2428 Oculo
1895 2386 2000 2430 malo

551 2450 663 2508 Qia
689 2449 820 2492 retina
844 2476 860 2501 ,
1457 2447 1546 2505 snt
1557 2448 1712 2507 peffma
1728 2477 1746 2502 ,

288 2512 409 2556 foret
428 2513 565 2555 melior
577 2514 708 2556 retina
727 2541 744 2566 ,
767 2511 1052 2570 siformasnon
1067 2530 1131 2558 re-
1350 2514 1407 2555 Et
1431 2509 1508 2571 ipfie
1528 2526 1563 2572 p·
1555 2513 1689 2570 fflmis
1709 2514 1819 2572 pejor
1838 2542 1856 2568 ‚

627 2578 793 2620 tineret.
1249 2568 1350 2621 Cum
1373 2578 1608 2624 Innocentiae
1628 2573 1737 2621 ultrb
1763 2579 1969 2638 demergat

341 2656 354 2675 κ
415 2640 522 2686 Hinc
528 2639 587 2700 fit
609 2655 658 2686 ex
671 2642 803 2687 retina
826 2655 997 2694 remora,
1517 2641 1700 2701 cymbam.

1946 2706 2023 2752 Su-
