2294 2933
338 98 357 132 1
369 90 428 139 28
1022 83 1194 145 Virgula
1233 81 1450 144 Morphei.

925 149 940 171 ἱ

425 204 482 246 Et
505 201 661 246 utinam
687 204 703 246 !
736 215 812 246 non
830 200 1080 246 indirectam.
1331 203 1449 246 Nam
1467 201 1599 260 qualis
1617 201 1715 246 vita
1730 228 1748 256 ,
1795 198 1894 261 finis
1912 201 1988 246 ita.

331 297 345 309 .
362 269 464 312 En!
505 264 625 326 quam
647 282 716 310 nos
738 267 832 310 bene
854 281 958 310 mors
980 268 1146 320 doceat,
1569 258 1762 310 Caetertim

522 332 613 390 Etfi
629 332 729 375 nihil
748 329 1001 404 distinguat!
1305 330 1407 374 Dies
1429 330 1574 374 ultima
1592 332 1711 374 latet
1716 359 1734 385 ,
1785 346 1833 375 ne
1851 331 1982 375 lateat
2001 358 2018 384 ,

663 389 844 441 Tertib.
1246 390 1342 455 Um}
1367 394 1548 452 quelibet
1578 394 1704 453 instar
1729 398 1875 441 altimae
1898 394 2089 455 observe‘

458 464 669 509 staturum
694 459 749 518 cst
769 459 868 503 mori
890 458 1067 505 omnibus
1613 471 1696 503 tur.

676 521 842 570 Semel.
1562 518 1764 588 Qintb.

479 591 552 633 Bis
580 590 650 633 hoc
663 587 788 647 semel
807 587 1035 646 considera:
1493 589 1705 632 Statutum
1731 588 1786 648 est
1809 618 1826 643 ,

356 658 472 699 Nam
486 653 570 714 post
584 652 774 712 fi’trahit
791 666 979 697 aeternum
989 652 1157 715 fiemper.
1186 665 1190 669 '
1341 644 1604 697 Reverteffris
1638 649 1685 696 in
1727 651 1980 713 pulverem.
2105 664 2210 709 Gen,
2249 679 2267 724 3

375 719 490 764 Time
499 717 627 777 semel
655 734 791 764 errare
810 747 828 772 ,
878 718 942 762 ubi
967 734 1078 764 nemo
1097 719 1192 765 bis
1228 714 1493 776 ,Resolutione
1527 732 1605 762 non
1630 717 1786 778 indiget
1824 719 1900 763 haec
1933 715 2082 778 resolu-

683 797 796 828 errat
817 797 829 826 .·
1606 784 1661 826 tio
1684 811 1702 836 ,

432 852 601 893 Errores
619 851 717 894 vitae
744 851 838 893 licet
857 849 1049 906 corrigere
1066 878 1083 904 ,
1421 850 1539 891 Nam
1561 847 1722 891 dabitur
1743 860 1850 893 certo
1870 877 1888 902 ,

398 918 567 959 Errores
586 916 727 958 mortis
742 929 818 957 non
841 915 1117 971 corriguntum·
1238 913 1295 953 Et
1323 912 1482 968 quidem
1518 927 1641 971 usque
1673 913 1728 957 ad
1757 914 1969 958 materiam
1995 912 2083 972 pri·-

523 982 642 1023 Nam
671 973 816 1037 erraffe
834 975 951 1031 semel
965 1007 982 1031 ,
1601 991 1723 1020 mam.

369 1045 469 1089 Toto
485 1046 586 1087 Coelo
607 1043 662 1117 est
682 1039 878 1101 aberraffe
895 1057 964 1104 pro
979 1041 1148 1105 semper.
1506 1042 1617 1085 Illud
1641 1043 1785 1086 mirum
1802 1070 1819 1097 2

330 1112 557 1169 Nunquam
582 1111 710 1154 vives
736 1109 831 1152 bene
850 1136 867 1161 ,
918 1106 1045 1166 semel
1074 1104 1180 1154 male
1428 1101 1554 1179 Qod
1570 1119 1649 1166 per
1680 1103 1884 1152 accidens

345 1203 347 1205 -
629 1174 673 1232 si
687 1174 885 1218 moreris:
1282 1169 1452 1215 Nulla
1438 1186 1481 1214 tn
1497 1183 1627 1215 morte
1647 1172 1768 1216 detur
1789 1169 1993 1230 conversio
2008 1200 2028 1227 ,

365 1240 495 1284 Semel
523 1238 619 1284 bene
631 1239 674 1297 si
691 1239 856 1282 moreris
883 1266 901 1292 ,
947 1254 1151 1298 nunquam
1235 1236 1316 1279 Sed
1337 1248 1424 1279 tota
1437 1235 1524 1295 fiat
1535 1250 1606 1297 per
1632 1233 2082 1297 contrapofitionem.

619 1305 746 1349 vives
763 1297 893 1348 male:
1301 1299 1426 1359 Fuisti
1445 1301 1608 1345 Nobilis
1628 1330 1646 1356 ,
1695 1303 1773 1346 eris
1793 1302 1982 1361 Ignobilis
1999 1332 2017 1356 ‚

402 1369 476 1415 Ubi
507 1370 694 1413 ceciderit
715 1368 835 1413 arhor
863 1398 880 1423 ,
930 1369 982 1412 ibi
1016 1373 1109 1415 erit.
1270 1363 1661 1426 Putrescetsanguis
1676 1395 1694 1423 ‚
1730 1383 1804 1444 quo
1824 1369 2052 1427 gloriaris,

369 1429 549 1489 Difficile
577 1435 769 1477 morimur
788 1463 805 1487 ,
861 1437 957 1493 quic
986 1434 1143 1493 semel:
1229 1435 1325 1477 Nec
1343 1433 1452 1476 inter
1474 1433 1681 1476 calvarias
1698 1460 1713 1482 ‚
1765 1424 1815 1477 tit
1841 1434 1950 1477 inter
1974 1446 2086 1477 ceras

328 1504 615 1545 Moreremur
622 1491 793 1558 facilius
808 1527 826 1553 ,
870 1499 914 1557 fi
933 1499 991 1544 bis
1022 1503 1176 1548 liceret.
1411 1487 1650 1557 Reperietur
1677 1486 1901 1555 difirimen·

656 1558 864 1628 Qartb.
1383 1564 1521 1607 Dives
1534 1577 1576 1605 es
1594 1591 1611 1616 ,
1644 1562 1727 1622 fies
1757 1576 1932 1622 egenus:

552 1631 765 1674 statutum
786 1627 841 1687 est
861 1631 964 1674 mori
1231 1623 1476 1694 Qoniam
1487 1640 1595 1672 cum
1613 1625 1858 1682 interieris,
1893 1641 1991 1673 non
2011 1621 2082 1674 su·
2096 1615 2168 1677 Ps
2187 1629 2262 1669 48-

551 1693 737 1739 Statuto
751 1705 975 1753 tempore
1498 1704 1598 1738 mes
1629 1691 1818 1738 omnia:
2005 1691 2031 1709 '³
2136 1695 2207 1734 18·

360 1763 478 1811 Nam
500 1763 613 1802 Deus
639 1757 771 1819 posuit
798 1772 860 1802 ter
863 1761 988 1804 minos
1008 1789 1026 1815 ,
1061 1763 1151 1820 qui
1398 1761 1456 1802 Et
1479 1775 1530 1803 ex
1553 1771 1710 1803 centum
1733 1760 1878 1804 tunicis
1902 1787 1920 1812 ,

480 1825 677 1883 preteriri
698 1840 775 1868 non
791 1837 1022 1884 poterunt:
1370 1824 1453 1870 Vtx
1475 1825 1611 1868 unicus
1630 1823 1805 1868 manebit
1821 1836 1971 1877 cento,

329 1886 410 1936 Hic
426 1888 578 1948 fistunt
597 1890 773 1948 gradum
796 1890 924 1933 etiam
949 1893 1177 1946 Hercula:
1237 1885 1462 1946 Thesauros
1481 1902 1606 1948 aerugo
1627 1917 1644 1943 ,
1693 1888 1832 1947 byssum
1861 1899 2082 1959 corrumpat

514 1956 628 2016 Qa
645 1970 721 1997 non
750 1945 841 2014 pltis
864 1950 992 1999 ultra.
1579 1955 1688 1998 tinea
1710 1983 1728 2009 ,

607 2020 715 2063 Illud
740 2031 906 2063 certum.
1147 2051 1150 2054 ⁴
1263 2021 1322 2062 Et
1345 2018 1560 2063 delicatam
1592 2020 1807 2064 cuticulam
1843 2015 2050 2079 depascent

326 2079 456 2147 de
472 2086 529 2128 nil
547 2086 857 2138 certiusmorte,
888 2085 947 2129 nil
958 2087 1099 2132 mortis
1113 2088 1175 2132 in·
1561 2099 1754 2129 vermes:

563 2150 710 2192 certius
726 2161 899 2209 tempore
921 2165 933 2194 .·
1293 2148 1490 2210 Lapidem
1510 2147 1814 2209 philosophicum
1833 2147 2014 2204 habebis,

518 2211 767 2271 Differentia
793 2216 998 2272 grandis,
1406 2215 1409 2218 ’
1453 2214 1532 2258 Sed
1550 2211 1855 2273 sepulchralem.

687 2280 806 2321 Inter
1342 2279 1458 2339 Qd
1481 2293 1521 2321 es
1533 2275 1727 2337 fhllicitus
1746 2280 1793 2322 de
1816 2294 1913 2323 auro
1933 2284 1952 2322 ,ἓ

438 2338 704 2403 Aliquando
717 2376 729 2394 ,
766 2342 815 2388 &
843 2340 1031 2403 quando
1051 2379 1064 2399 ‚
1263 2342 1360 2402 Post
1380 2354 1548 2387 mortem
1568 2344 1686 2387 naulo
1709 2358 1785 2388 non
1806 2344 1999 2402 indigebis
2013 2371 2033 2398 ,

400 2411 459 2454 Ut
482 2409 584 2453 nihil
604 2409 733 2452 dicam
763 2408 810 2451 de
832 2407 1074 2467 quomodo
1095 2444 1109 2464 ,
1237 2403 1384 2451 Gratis
1412 2407 1624 2452 vehuntur
1645 2409 1819 2453 Divites
1842 2410 1896 2453 ad
1917 2410 2075 2453 Ditem.

365 2475 478 2535 Qa
500 2474 602 2518 hunc
622 2473 781 2517 modum
813 2474 936 2516 etiam
968 2473 1147 2532 nesciunt
1312 2469 1522 2531 Formosus
1542 2488 1582 2516 es
1602 2501 1621 2526 ,
1661 2471 1738 2532 fies
1768 2473 1994 2532 deformis:

644 2537 858 2596 lislodist‘ae.
1135 2590 1137 2594 Ι
1262 2535 1486 2598 Pallescent
1503 2543 1591 2596 roJae
1610 2565 1627 2593 ,
1661 2536 1913 2598 languescent
1924 2539 2046 2583 lilia-.-

496 2602 603 2646 Illud
617 2599 688 2659 sat
711 2604 960 2662 exploratum
976 2630 994 2656 ,
1329 2603 1430 2647 Tres
1444 2601 1579 2661 fontis
1604 2602 1790 2647 Charites
1806 2615 1926 2648 erunt
1941 2631 1960 2658 ,

369 2662 503 2729 Qod
529 2665 860 2727 morsfuturafit
874 2667 978 2713 Echo
993 2667 1090 2718 vite
1111 2683 1125 2716 .·
1287 2666 1485 2725 Foetor,
1517 2663 1749 2726 PuttedO,
1779 2670 1974 2717 Vermes
1993 2700 2010 2721 ,

2011 2709 2118 2781 vr
