2294 2933
274 78 371 138 εἰς

278 195 418 261 figie,·
434 206 489 256 ut
503 193 708 243 membra
724 181 959 248 membris,
985 206 1133 254 quan-

280 259 387 313 tum
398 261 570 324 patitur
581 260 790 322 analogia
800 296 813 315 ‚
838 253 943 320 apte
954 270 1132 303 accom-

279 326 444 376 modet
463 341 474 373 z
506 325 611 373 hinc
627 324 741 372 nihil
758 324 944 377 mirum,
971 320 1001 368 si
1026 314 1133 370 vere

282 390 447 442 saucias
461 386 1131 454 reperiamusinillomembr0‚
1187 401 1296 448 gros
1321 421 1334 440 ,
1370 380 1814 445 aliaqueejusmoffi,
1846 395 1947 447 quae
1963 382 2044 430 de·
2114 392 2118 397 .
2184 391 2186 394 .
2215 380 2220 400 ;

281 457 411 522 quod
430 458 475 503 in
485 456 632 503 ferino
645 467 839 514 corpore
850 448 991 499 ictum
1006 466 1138 506 exce-

283 535 412 587 perat
433 558 445 577 ,
479 534 587 566 nam
621 519 784 565 leviter
803 514 927 563 ceffit
945 519 1136 562 circum-

283 586 456 652 positus
477 589 574 638 aer,
608 580 765 645 sicque
784 583 953 628 vulnus
971 582 1137 627 huma-

283 667 346 699 no
381 651 563 711 corpori
604 644 908 711 postmodum
950 645 1133 692 inhaesit.

283 713 435 772 Quod
453 714 483 762 si
503 726 657 761 tamen
675 709 836 759 delusae
853 714 1032 774 Strygis
1060 712 1138 757 ab·

282 779 391 829 esset
408 795 573 842 corpus
592 816 605 834 ‚
646 775 864 826 sauciatur
888 776 912 823 a
932 777 1156 822 daemone>

283 848 328 893 in
350 844 428 893 illa
452 857 581 907 parte
599 881 612 900 ‚
653 857 793 906 quam
808 844 850 889 in
868 841 1016 888 ferino
1040 856 1140 888 cor-

283 912 399 976 pote
409 908 484 957 scit
504 911 807 956 vulneratam.
879 910 1046 968 Neque
1060 921 1141 968 pa-

287 978 538 1025 trocinatur
557 970 923 1035 Metamorphosi
952 971 1143 1033 Physicae

284 1035 714 1090 Nabuchodonosor
749 1054 759 1084 ε
819 1051 926 1084 nam
962 1050 1142 1098 praeter-

286 1121 430 1171 quam
458 1143 471 1162 ‚
509 1102 641 1167 quod
662 1105 765 1151 DEI
790 1104 956 1165 Digito
976 1101 1143 1148 debea-

287 1184 362 1221 tur
387 1172 475 1218 hoc
496 1169 765 1233 paradoxon
791 1204 804 1223 ,
838 1168 990 1221 verior
1016 1179 1143 1214 tenet

285 1233 578 1298 Philosophia
602 1272 614 1291 ,
664 1230 856 1297 figuram
892 1233 1142 1287 humanam

286 1299 469 1350 tantum
482 1317 539 1348 ex
550 1312 678 1362 parte
690 1296 974 1360 degenerasse
988 1301 1033 1344 in
1043 1296 1142 1344 bel-

288 1369 464 1415 luinam
484 1403 497 1422 ‚
532 1364 594 1413 sic
614 1361 729 1412 ,voro
749 1365 1002 1410 humorum
1023 1367 1163 1410 tem-'

286 1434 486 1496 periem,
521 1425 773 1491 sensusque
795 1429 1025 1484 internos,
1057 1429 1142 1474 bo-

287 1499 333 1544 vi
357 1493 507 1545 faCtos
523 1496 742 1557 analogos
756 1532 768 1551 ‚
806 1507 858 1541 ut
875 1495 995 1540 bruti
1009 1491 1143 1540 instar

286 1562 515 1609 incederet
548 1560 807 1623 quadrupes
832 1596 844 1615 ‚
889 1556 1144 1605 vesceretur

286 1629 420 1676 foeno
444 1663 456 1683 ,
493 1627 707 1673 homines
740 1625 954 1687 fugeret,
1004 1622 1165 1686 dege-⁹

287 1688 451 1755 retque
487 1688 562 1738 sub
590 1691 683 1739 Dio
704 1688 861 1737 miser:
899 1687 1048 1736 effecit
1075 1703 1142 1735 ta-

290 1773 397 1804 men
408 1757 731 1803 divinaVirtus
744 1793 756 1811 ‚
777 1795 779 1797 .
791 1768 842 1801 ut
856 1751 931 1801 sub
944 1752 1143 1801 belluina

288 1823 373 1870 hac
391 1821 548 1869 indole
565 1818 801 1869 rationalis
826 1820 976 1868 anima
995 1816 1143 1883 perse-

291 1899 484 1936 vetaret.
716 1894 721 1901 ¹

348 1952 518 2001 LEUC
549 1966 560 1998 τ
608 1947 815 1999 Minuisti
847 1945 1104 2012 scrupulum
1127 1985 1140 2005 ,

290 2017 487 2064 necdum
524 2028 677 2063 tamen
703 2012 911 2062 sustulisti
935 2030 992 2061 ex
1019 2027 1139 2062 toto·

289 2085 334 2131 Si
364 2084 520 2144 Magia
547 2081 661 2128 nihil
692 2082 737 2127 in
759 2082 885 2143 leges
907 2083 1092 2127 Naturae
1128 2116 1140 2135 ‚

290 2163 386 2211 quo
410 2143 547 2210 paeto
571 2183 584 2203 ,
623 2146 796 2208 absque
813 2146 1142 2208 penetrationis

289 2211 567 2275 compendio
587 2248 600 2265 ,
639 2225 696 2256 ex
713 2227 793 2257 ore
812 2212 1013 2257 hominis
1034 2208 1144 2273 saepe

290 2279 442 2341 ejicit,
486 2291 585 2339 quae
620 2276 665 2322 in
696 2291 860 2337 corpus
896 2277 1145 2329 immittere

291 2358 372 2406 per
401 2343 526 2405 leges
542 2343 731 2388 Naturae
748 2336 939 2393 minime
961 2342 1090 2390 licuit
1127 2342 1142 2388 ?

291 2408 484 2455 memini
505 2443 519 2463 ,
556 2403 663 2454 cum
680 2405 874 2467 Dilingae
899 2420 974 2454 me
998 2405 1145 2454 adhue

291 2487 487 2536 puerum
512 2472 772 2519 excolerent
797 2467 936 2518 Musae
959 2510 972 2527 ,
1015 2468 1144 2519 fuisse

291 2536 524 2592 Sodalem,
543 2531 813 2583 familiarius
827 2536 937 2581 mihi
955 2530 1139 2591 notum,
1163 2537 1165 2539 ’

293 2602 372 2665 qui
393 2616 511 2647 nunc
536 2598 969 2647 eruetabat‘calearia
993 2602 1140 2664 integ-

294 2681 358 2726 ra,
370 2663 473 2715 saxa
481 2664 683 2729 grandia,
718 2666 1142 2724 cultr08,&e1nun-

934 60 1065 125 Circe¹
1091 59 1404 136 Philojbpblcas

1188 182 1512 237 &oriar'mmc
1522 177 1770 236 evomebat
1803 175 1943 236 frusta
1967 200 2057 233 νυ

1189 269 1284 301 trea
1301 291 1314 310 ,
1343 255 1501 301 clavos
1520 290 1533 310 ‚
1565 255 1616 303 &
1631 269 1734 300 acus
1748 251 1809 300 sat
1827 252 2059 317 grandes,'

1190 317 1334 383 spinas
1351 355 1365 375 ‚
1400 312 1700 381 pilorumque
1721 320 1889 382 globos
1923 320 2041 365 inte-

1192 447 1362 514 glutire
1391 445 1483 510 ipse
1502 449 1727 497 Cerberus
1755 449 2041 496 formidaret.

1198 523 1319 562 MEL
1338 530 1353 560 t
1390 511 1467 560 Est
1483 513 1576 559 haee
1593 514 1708 560 mira
1727 511 1937 561 maleficii
1956 515 2043 562 ho-

1193 578 1305 627 stilis
1322 579 1545 642 potentia,
1581 593 1681 640 quae
1700 593 1782 624 nec
1791 594 1936 626 unum
1947 581 2044 642 jam

1192 645 1406 707 fatigavit
1436 640 1782 708 Philosophum.
1881 646 1996 692 Sunt
2029 681 2043 701 ‚

1195 712 1275 773 qui
1293 710 1473 756 minora
1497 709 1589 755 haec
1611 705 1908 756 instrumenta
1931 745 1944 765 ,
1975 709 2046 757 di-

1194 776 1417 824 latatione
1427 788 1648 836 potorum
1667 811 1680 830 ,
1714 775 1766 823 ὃ(
1786 775 1946 836 organi
1967 789 2047 821 ex-

1195 839 1397 888 tensione
1408 840 1504 901 ejici
1515 838 1640 902 poffe
1650 836 2046 896 existimentzsunt,

1197 908 1277 968 qui
1288 911 1453 968 putent
1471 921 1539 951 res
1551 903 1814 967 grandiores
1837 904 2052 952 incisione

1197 971 1401 1033 corporis
1418 966 1570 1016 subtili
1596 968 1651 1016 fic
1670 971 1918 1018 intromitti
1952 1008 1963 1025 ,
1995 981 2048 1018 ut

1195 1032 1426 1082 demersos
1439 1031 1598 1082 somno
1611 1049 1693 1082 nee
1707 1033 1799 1097 ipse
1809 1035 1944 1082 dolor
1968 1035 2044 1082 ad-

1196 1112 1370 1147 vertat:
1392 1115 1543 1161 neque
1568 1095 1743 1162 superat
1756 1102 2050 1164 Chirurgiam

1196 1167 1403 1228 Stygiam
1426 1164 1506 1212 ista
1519 1167 1693 1228 peritia,
1716 1163 1815 1214 imo
1827 1168 2049 1215 necillam

1196 1233 1342 1279 latent
1365 1230 1721 1289 medicamenta,
1753 1247 1853 1294 quae
1877 1233 2046 1280 vulnus

1196 1296 1252 1344 sie
1268 1293 1552 1343 consolident
1571 1293 1721 1343 subito
1740 1300 1769 1352 ,Ἃ
1797 1310 1851 1343 ut
1870 1313 1927 1344 ne
1944 1298 2071 1360 qui-'-

1196 1361 1301 1409 dem
1317 1362 1737 1424 appar-eatcicatri'n
1807 1363 1920 1409 Aliis
1938 1376 2049 1425 prae-

1196 1429 1344 1490 placet
1363 1465 1375 1483 ‚
1424 1442 1524 1472 eam
1551 1427 1836 1474 Archimimo
1872 1423 2050 1474 malefi-

1197 1508 1252 1539 co
1273 1493 1519 1539 attribuere
1539 1494 1757 1538 virtutem
1779 1530 1791 1548 ‚
1826 1508 1916 1553 qua
1945 1489 2051 1539 soli-
2071 1521 2074 1523 -

1197 1553 1376 1604 diffima
1414 1553 1605 1620 quaeque
1627 1573 1720 1604 non
1744 1556 1892 1604 modo
1911 1551 2049 1619 poffit

1198 1624 1242 1669 in
1269 1619 1590 1670 minutiffimas
1625 1633 1775 1684 partes
1809 1621 2014 1676 dividere
2035 1657 2050 1679 ‚

1199 1686 1273 1735 sed
1291 1685 1432 1735 divisa
1443 1703 1554 1735 mox
1567 1685 1723 1735 denuo
1751 1688 1929 1735 reunire
1953 1725 1967 1743 ,
2000 1689 2051 1737 &

1198 1753 1248 1801 ea
1263 1752 1452 1815 quidem
1464 1749 1724 1800 subtilitatis
1744 1766 1965 1816 promptae
1985 1756 2052 1798 in·
2071 1760 2073 1762 ’

1197 1817 1364 1865 dustria
1384 1856 1397 1874 ‚
1435 1834 1534 1881 quae
1570 1820 1825 1865 humanum
1862 1819 2072 1865 oculumz

1196 1899 1292 1930 non
1311 1880 1458 1931 solum
1490 1884 1639 1947 fugiat
1667 1922 1679 1940 ,
1723 1880 1796 1930 sed
1827 1885 1878 1933 &
1899 1883 2052 1931 fallat.

1197 1951 1280 1998 Me
1297 1948 1425 2013 quod
1438 1952 1624 2005 attinet,
1663 1949 1688 1996 a
1704 1947 1934 2012 praestigiis
1956 1955 2068 1996 non'

1199 2012 1372 2078 semper
1385 2015 1788 2070 immunemhanc,
1816 2030 1931 2071 reor,
1967 2030 2048 2061 ex-

1198 2082 1481 2143 perientiam.
1510 2134 1515 2137 X
1551 2083 1674 2128 Nam
1694 2077 1845 2142 potest
1868 2078 2048 2126 daemon

1198 2146 1253 2193 sic
1272 2145 1462 2192 illudere
1482 2142 1671 2193 sensibus
1686 2182 1699 2201 ,
1734 2156 1787 2191 ut
1804 2142 1942 2207 egesti
1962 2145 2048 2191 hu-

1198 2226 1351 2257 mores
1379 2208 1464 2257 effe
1481 2211 1613 2257 cultri
1632 2221 1874 2272 appareant
1898 2212 2047 2256 maxi-

1198 2271 1273 2322 me
1285 2274 1315 2322 fi
1334 2272 1485 2323 subito
1498 2273 1760 2322 evanescant
1780 2292 1794 2333 3
1832 2275 1904 2321 vel
1918 2273 2048 2336 quod

1198 2340 1381 2388 veritati
1395 2341 1742 2387 convenientius
1757 2376 1768 2395 ‚
1803 2338 1955 2402 potest
1968 2356 2052 2390 ‚ve-

1197 2402 1394 2454 riffimos
1417 2406 1590 2452 cultros
1614 2441 1627 2460 ‚
1664 2405 1843 2452 occulta
1862 2407 2049 2463 virtute,

1197 2472 1241 2518 in
1259 2486 1314 2517 os
1327 2472 1550 2534 ingerere,
1586 2471 1758 2519 &mox
1772 2470 1924 2533 aperta
1944 2469 2063 2533 ege?

1195 2551 1317 2592 rere,
1349 2551 1448 2597 quae
1459 2536 1614 2583 omnia
1631 2538 1859 2598 panurgiae
1878 2538 2047 2598 Stygiae

1198 2597 1411 2662 sphaeram
1429 2616 1511 2648 nec
1521 2600 1749 2649 excedunt
1771 2637 1784 2658 ‚
1815 2615 1900 2648 nec
1918 2599 2046 2663 supe-

1196 2677 1312 2713 Kant-

1842 2728 2039 2782 LEUC4
