2294 2933
55 571 171 630 Mus.

36 1641 252 1710 ‘Pbonurg

38 1709 71 1762 l.
91 1725 135 1763 2.
151 1712 242 1773 feti.

34 1789 86 1830 2·
107 1792 145 1831 00
165 1792 209 1832 20

252 1992 253 1995 ¹
279 1990 326 2024 ta
345 2015 357 2033 ‚
394 1973 494 2039 quo
512 1973 672 2030 *minus
696 1990 863 2023 amara.

234 2043 244 2048 “
277 2042 501 2106 siquidem
516 2039 692 2105 spiritus
707 2080 719 2098 ,
737 2039 890 2089 statim
903 2054 1044 2105 atque
1065 2039 1135 2089 so-

812 61 1210 133 Tecbnopbylacium
1225 62 1484 134 Nimirum.

301 183 418 234 derit
429 182 730 245 tranquillum
747 201 756 232 ι
780 200 870 248 qua
881 186 1153 249 Theophra-

299 250 692 310 stuscommotos
739 254 877 299 animi
934 250 1101 301 fluetus
1139 292 1151 311 ,

298 316 490 367 Orionis
501 316 685 379 cythara
700 355 713 373 ‚
749 315 907 367 solitus
920 319 971 367 sit
995 318 1050 367 ad
1060 320 1152 382 pri-

297 383 462 432 stinam
494 400 707 431 revocare
742 387 1016 433 malaciam:
1059 400 1152 449 qua

297 450 561 512 Terpander
620 448 889 498 seditionem
941 452 1150 499 Lacedae-

296 517 560 563 momorum
619 516 874 564 sedaverit:
915 517 1150 581 Empedo-

295 585 385 630 cles
417 583 606 646 juvenis
644 581 1039 646 {linguinolentum
1072 585 1149 632 fu-

53 643 96 693 S·
107 635 281 702 Gallens
291 665 445 696 rorem
475 647 753 711 reprefferit:
809 667 899 714 qua
923 650 1147 699 Theodo-

292 716 379 764 sius
403 753 415 772 ‚
454 717 514 762 ob
531 715 729 763 dirutam
756 719 928 764 Uxoris
948 715 1147 765 statuam

291 784 338 830 in
359 782 673 830 Antiochenos
693 778 942 830 vindietam
963 781 1144 846 spirans,

291 851 409 895 inter
434 848 591 910 epulas
604 848 658 895 sic
682 862 817 895 cantu
839 849 890 896 lit
911 849 1143 906 delinitus,

290 927 343 962 ut
375 930 470 961 non
505 913 652 962 modo
693 918 939 978 pepercerit
976 953 988 971 ‚
1070 913 1144 963 sed

290 983 431 1028 etiam
451 982 725 1043 ingemuerit
749 998 759 1027 ;
797 982 840 1028 in
869 979 995 1029 causa
1014 997 1145 1029 nem-

289 1044 459 1112 pesunt
472 1044 649 1110 spiritus
663 1086 675 1104 ,
711 1049 877 1110 quibus
901 1049 1046 1096 veluti
1065 1047 1144 1096 ad-

286 1112 503 1161 ministris
545 1116 712 1162 Anima
769 1128 983 1175 operatur
1019 1131 1029 1161 :
1095 1115 1141 1162 hi

287 1182 441 1237 enim,
478 1177 583 1228 cum
618 1177 888 1228 subtiliffimi
924 1180 1037 1237 sint,
1090 1182 1142 1230 &

286 1244 557 1309 sanguineus
577 1247 721 1292 veluti
742 1263 899 1309 vapor,
929 1240 1142 1311 adeoque

282 1307 418 1362 facile
451 1313 646 1359 mobiles
670 1350 682 1369 ‚
742 1317 844 1360 aere
878 1309 1140 1361 harmonice

281 1382 514 1427 concitato
551 1394 665 1425 mox
698 1377 901 1425 similiter
936 1381 1140 1428 ani-man-

285 1457 381 1501 tur‚
421 1460 558 1508 quam
579 1446 938 1492 concitationem
978 1445 1139 1493 adver—

282 1525 382 1560 tens
405 1514 555 1559 anima
574 1548 587 1567 ,
642 1528 727 1574 pro
748 1512 874 1558 vario
901 1508 1138 1575 spirituum

279 1591 417 1626 motu
441 1616 454 1634 ,
486 1579 636 1625 varios
651 1593 840 1641 quoque
864 1577 1012 1626 induit
1027 1577 1138 1627 affe-

283 1640 398 1692 ctus.
434 1658 436 1661 ’
470 1644 705 1706 Intelliges
734 1642 964 1707 denique,
1017 1660 1137 1706 quo-

279 1710 425 1758 modo
453 1713 468 1767 ‚⁴
504 1711 730 1757 referente
748 1710 968 1758 Kirchero
987 1750 998 1768 ,
1026 1707 1137 1774 saepe

279 1775 453 1841 pestem
472 1815 484 1833 ‚
509 1777 894 1840 Lycantropiam‚
932 1774 1137 1839 aliasque

275 1842 567 1891 infirmitates
627 1844 680 1890 ab
725 1844 853 1906 aegris
909 1842 1136 1907 depulerit

279 1909 449 1958 Musica
466 1947 479 1966 ,
515 1909 739 1957 medicina
756 1907 816 1957 eo
835 1907 982 1973 magis
1001 1922 1136 1972 opta-

953 1977 1134 2024 Vitales

275 2125 361 2157 nos
397 2123 554 2157 acutos
579 2146 591 2165 ‚
639 2103 887 2172 aeremque
929 2109 1134 2155 celeriter

228 2210 233 2215 „
273 2185 626 2222 commoventes
639 2176 909 2237 percipiunt,
945 2187 1132 2222 motum

273 2242 442 2299 illum,
481 2236 679 2304 ejusque
702 2241 974 2304 rhythmum
999 2235 1133 2289 facile

272 2309 537 2365 imitantur,
573 2302 854 2371 tandemque
871 2306 1038 2355 redditi
1059 2323 1132 2354 ce-

271 2376 461 2423 leriores
484 2413 496 2432 ‚
545 2374 782 2422 calidiores
803 2412 816 2431 ‚
849 2373 1130 2437 phantasiam

271 2441 494 2495 demak),
523 2439 963 2498 animaemolestam,
1001 2456 1130 2488 aver-

273 2521 394 2563 tunt,
416 2507 693 2565 exhilarant,
730 2508 1127 2555 humoresnoxios

270 2570 487 2636 diffipant
515 2610 527 2629 ,
578 2591 772 2636 vapores
807 2586 966 2622 tetros
1010 2584 1129 2622 atte-

271 2654 447 2694 nuant,
497 2641 737 2704 mitigant,
778 2642 944 2706 quibus
978 2641 1128 2689 morbi

269 2707 642 2772 procreabantur.

1949 89 2067 157 *417-

1269 186 1310 233 L
1335 189 1372 236 E
1394 189 1442 237 U
1465 189 1520 238 C.
1589 191 1706 260 Qiae
1742 191 1798 239 ad
1829 195 2060 258 Apollinis

1207 252 1382 316 Lyram
1409 251 1611 318 suspensa
1637 255 1811 320 prostat
1848 276 1905 308 ex
1937 263 2060 310 vitro

1207 319 1449 369 machina?
1506 320 1618 386 quid
1648 322 1725 371 fibi
1754 340 2008 388 purpureus
2043 363 2060 384 .

1206 385 1254 432 in
1287 386 1520 450 pellucido
1559 389 1648 436 hoc
1688 391 1802 438 tubo
1851 392 2007 455 liquor
2040 394 2077 444 ἶ,

1206 460 1342 500 MEL.
1400 453 1811 503 Thermometrum
1823 456 1968 514 vides,
1991 475 2058 506 m-

1204 515 1512 567 strumentum
1541 537 1637 568 non
1667 520 1821 570 minus
1845 561 1858 578 ,
1914 523 2056 587 quam

1202 584 1406 647 cythara,
1426 587 1687 650 Appollinis
1698 587 1891 652 dignum
1903 592 2057 653 genio,

1203 663 1345 712 atque
1371 654 1577 715 ingenio:
1605 655 1712 702 iiam
1740 655 1950 718 cythara,
1989 657 2058 721 af-

1199 715 1351 766 fectus
1369 720 1509 766 animi
1528 721 1662 767 librat
1685 759 1697 777 ‚
1722 770 1726 775 ,
1746 722 2056 777 Thermome-

1201 795 1326 830 trum
1343 785 1544 848 frigoris,
1564 788 1612 836 &
1624 788 2054 837 caloris‘incremen-

1201 860 1247 896 ta
1266 849 1521 910 mensurat3
1558 854 1748 901 invento
1770 852 1888 902 adeo
1921 871 2052 918 para-

1199 915 1351 974 doxo,
1391 929 1442 964 ut
1461 917 1493 964 fi
1510 917 1625 965 illud
1641 918 1817 967 vidisset
1835 923 2055 985 Antiqui-

1201 994 1268 1030 tas
1292 1020 1305 1040 ‚
1344 997 1640 1046 purpuratam
1677 985 1957 1044 Thetidem,
2005 990 2051 1034 in

1197 1048 1286 1096 hoc
1304 1050 1472 1097 throno
1483 1051 1633 1097 vitreo
1655 1054 1877 1100 mobilem
1896 1092 1908 1110 ,
1944 1054 2051 1101 thu-

1197 1131 1245 1162 re
1271 1153 1283 1172 ‚
1320 1117 1371 1166 ὃς
1403 1112 1604 1164 victimis
1638 1117 1874 1166 adorass‘et.
1950 1119 2053 1168 Atti

1199 1178 1302 1229 suos
1322 1181 1457 1230 debet
1475 1183 1689 1238 Natales,
1731 1187 1923 1247 quosffab
1949 1203 2051 1233 eru-

1195 1247 1297 1295 dito
1329 1249 1550 1296 Drebellii
1577 1251 1759 1297 cerebro
1779 1250 1962 1299 haufiffe
1981 1253 2052 1299 fe-

1194 1325 1331 1362 runt:
1374 1312 1699 1377 perfectiorem
1721 1313 1906 1364 subinde
1950 1335 2049 1366 ma-

1189 1395 1308 1436 *num
1343 1378 1601 1443 imposuere
1621 1383 1828 1433 Ottones
1856 1385 2051 1433 Gericke

1194 1445 1515 1511 Magdeburgi‚
1529 1449 1917 1507 KircheriRomae,
1936 1456 2055 1499 Aca-

1193 1511 1357 1560 demici
1369 1514 1541 1574 Lyncei
1553 1516 1791 1563 Florentiae
1814 1555 1826 1573 ‚
1863 1530 1917 1564 ut
1930 1515 2050 1567 adeo

1194 1579 1274 1625 vix
1292 1578 1549 1628 sitScicntia
1573 1619 1585 1637 ,
1623 1597 1723 1644 quae
1745 1598 1839 1630 non
1861 1580 2050 1646 speciale

1193 1645 1498 1693 commodum
1536 1649 1723 1696 traxerit
1755 1650 1809 1696 ab
1849 1650 1938 1696 hoc
1979 1650 2050 1697 di·-

1193 1712 1304 1758 vino
1322 1713 1666 1775 propemodum
1683 1716 1889 1763 invento.
1955 1719 2049 1764 Ex-

1192 1773 1299 1824 inde
1317 1779 1440 1826 enim
1464 1777 1726 1844 Astrologia
1745 1779 1942 1830 desumit
1967 1800 2050 1846 pe-

1191 1844 1380 1892 culiares
1404 1843 1661 1894 coelestium
1695 1863 1942 1911 corporum
1980 1852 2049 1896 in-

1190 1909 1344 1958 fluxus
1356 1949 1368 1967 ‚
1401 1911 1694 1975 Geographia
1712 1915 2051 1963 climatumNa-

1179 1988 1343 2034 >turam
1357 2015 1370 2032 ‚
1409 1978 1579 2040 Optica
1591 1981 1705 2037 aeris
1726 1977 2048 2039 refraffiones,

1191 2043 1422 2091 Medicina
1456 2045 1692 2106 liquorum
1728 2084 1740 2101 ,
1805 2049 1856 2097 &
1887 2045 2047 2095 salium

1190 2111 1573 2157 commixzioncm
1603 2110 1882 2165 ad‘debitum
1901 2115 2046 2177 frigo-

1187 2177 1272 2231 ris,
1312 2192 1361 2223 ac
1386 2177 1547 2224 caloris
1587 2190 2004 2242 temperamentum
2031 2218 2047 2238 ,

1190 2242 1374 2290 Chimia
1400 2239 1571 2291 statum
1600 2247 1825 2308 cujusque
1860 2249 1925 2294 rei
1961 2249 2044 2295 eli-

1189 2308 1379 2371 quandae
1391 2311 1640 2359 terminum
1652 2350 1663 2368 ,
1701 2314 1750 2361 &
1762 2311 1945 2376 Phyfica
1964 2313 2045 2360 de·-

1185 2377 1327 2439 nique
1348 2376 1526 2441 colligit
1547 2380 1710 2426 caloris
1731 2417 1743 2435 ‚
1785 2382 1835 2430 &2
1860 2380 2044 2443 frigoris

1184 2443 1488 2500 incrementa,
1514 2445 1878 2495 &decrementa
1917 2450 2043 2495 Nam

1183 2507 1215 2556 s1
1254 2521 1496 2572 appertum
1518 2513 1720 2559 inferiori
1745 2529 1802 2561 ex
1838 2527 1965 2577 parte
1987 2513 2041 2562 fit

1185 2573 1623 2638 Thermoscopium,
1658 2577 1879 2628 crescente
1889 2583 2041 2629 calore

1185 2639 1584 2705 decrescessiquor,
1603 2658 1769 2709 utpote
1783 2649 1860 2710 qui
1880 2664 1928 2710 ap
1939 2660 2040 2695 erto

1183 2705 1357 2757 ostiolo
1369 2706 1503 2759 facile
1525 2724 1633 2763 tunc
1653 2714 1781 2763 cedet
1804 2716 1893 2764 aeri
1913 2751 1925 2771 ‚
1960 2729 2041 2776 per

1292 2775 1338 2824 G
1358 2791 1388 2840 g
1406 2791 1438 2846 g
1914 2781 2040 2854 calo-
