<?xml version="1.0" encoding="UTF-8"?>
<!DOCTYPE html PUBLIC "-//W3C//DTD XHTML 1.0 Transitional//EN"
    "http://www.w3.org/TR/xhtml1/DTD/xhtml1-transitional.dtd">
<html xmlns="http://www.w3.org/1999/xhtml" xml:lang="en" lang="en">
 <head>
  <title>
</title>
<meta http-equiv="Content-Type" content="text/html;charset=utf-8" />
  <meta name='ocr-system' content='tesseract 3.04.00' />
  <meta name='ocr-capabilities' content='ocr_page ocr_carea ocr_par ocr_line ocrx_word'/>
</head>
<body>
  <div class='ocr_page' id='page_1' title='image "./peripateticusnos00schw_0324.png"; bbox 0 0 2294 2933; ppageno 0'>
   <div class='ocr_carea' id='block_1_1' title="bbox 322 60 425 113">
    <p class='ocr_par' dir='ltr' id='par_1_1' title="bbox 322 60 425 113">
     <span class='ocr_line' id='line_1_1' title="bbox 322 60 425 113; baseline 0.107 -11"><span class='ocrx_word' id='word_1_1' title='bbox 322 60 425 113; x_wconf 46' lang='lat'>294*</span> 
     </span>
    </p>
   </div>
   <div class='ocr_carea' id='block_1_2' title="bbox 318 163 1167 238">
    <p class='ocr_par' dir='ltr' id='par_1_2' title="bbox 318 163 1167 238">
     <span class='ocr_line' id='line_1_2' title="bbox 318 163 1167 238; baseline 0.004 -21"><span class='ocrx_word' id='word_1_2' title='bbox 318 163 446 217; x_wconf 81' lang='lat' dir='ltr'>suam</span> <span class='ocrx_word' id='word_1_3' title='bbox 464 163 613 231; x_wconf 80' lang='lat' dir='ltr'>&#39;sperni</span> <span class='ocrx_word' id='word_1_4' title='bbox 621 171 844 220; x_wconf 68' lang='lat' dir='ltr'>nutricem</span> <span class='ocrx_word' id='word_1_5' title='bbox 863 173 1142 238; x_wconf 77' lang='lat' dir='ltr'>Sapientiam</span> <span class='ocrx_word' id='word_1_6' title='bbox 1153 210 1167 230; x_wconf 88' lang='lat'>,</span> 
     </span>
    </p>
   </div>
   <div class='ocr_carea' id='block_1_3' title="bbox 321 232 1176 300">
    <p class='ocr_par' dir='ltr' id='par_1_3' title="bbox 321 232 1176 300">
     <span class='ocr_line' id='line_1_3' title="bbox 321 232 1176 300; baseline -0.001 -18"><span class='ocrx_word' id='word_1_7' title='bbox 321 233 375 282; x_wconf 84' lang='lat'>&amp;</span> <span class='ocrx_word' id='word_1_8' title='bbox 422 232 718 284; x_wconf 71' lang='lat' dir='ltr'>Castitatcm:</span> <span class='ocrx_word' id='word_1_9' title='bbox 757 238 966 295; x_wconf 81' lang='lat' dir='ltr'>videbat,</span> <span class='ocrx_word' id='word_1_10' title='bbox 997 238 1051 288; x_wconf 73' lang='grc' dir='ltr'>δι</span> <span class='ocrx_word' id='word_1_11' title='bbox 1081 238 1176 300; x_wconf 45' lang='lat' dir='ltr'>do?</span> 
     </span>
    </p>
   </div>
   <div class='ocr_carea' id='block_1_4' title="bbox 965 54 1441 124">
    <p class='ocr_par' dir='ltr' id='par_1_4' title="bbox 965 54 1441 124">
     <span class='ocr_line' id='line_1_4' title="bbox 965 54 1441 124; baseline 0 -16"><span class='ocrx_word' id='word_1_12' title='bbox 965 57 1082 108; x_wconf 70' lang='lat' dir='ltr'>Grec</span> <span class='ocrx_word' id='word_1_13' title='bbox 1137 54 1441 124; x_wconf 59' lang='lat' dir='ltr'>Philosophia.</span> 
     </span>
    </p>
   </div>
   <div class='ocr_carea' id='block_1_5' title="bbox 1225 173 2076 311">
    <p class='ocr_par' dir='ltr' id='par_1_5' title="bbox 1225 173 2076 311">
     <span class='ocr_line' id='line_1_5' title="bbox 1225 173 2076 245; baseline 0.014 -25"><span class='ocrx_word' id='word_1_14' title='bbox 1225 173 1297 245; x_wconf 79' lang='lat' dir='ltr'>lus</span> <span class='ocrx_word' id='word_1_15' title='bbox 1320 173 1596 239; x_wconf 79' lang='lat' dir='ltr'>Gregorius,</span> <span class='ocrx_word' id='word_1_16' title='bbox 1621 206 1623 210; x_wconf 36' lang='grc' dir='ltr'><em>ν</em></span> <span class='ocrx_word' id='word_1_17' title='bbox 1650 178 1776 243; x_wconf 77' lang='lat' dir='ltr'>quali</span> <span class='ocrx_word' id='word_1_18' title='bbox 1796 181 1938 231; x_wconf 76' lang='lat' dir='ltr'>alium</span> <span class='ocrx_word' id='word_1_19' title='bbox 1956 181 2076 231; x_wconf 77' lang='lat' dir='ltr'>infa-</span> 
     </span>
     <span class='ocr_line' id='line_1_6' title="bbox 1225 249 2075 311; baseline 0.014 -27"><span class='ocrx_word' id='word_1_20' title='bbox 1225 253 1318 286; x_wconf 74' lang='lat' dir='ltr'>mia</span> <span class='ocrx_word' id='word_1_21' title='bbox 1346 251 1578 301; x_wconf 82' lang='lat' dir='ltr'>tangeret,</span> <span class='ocrx_word' id='word_1_22' title='bbox 1604 258 1700 291; x_wconf 86' lang='lat' dir='ltr'>non</span> <span class='ocrx_word' id='word_1_23' title='bbox 1716 249 1895 294; x_wconf 87' lang='lat' dir='ltr'>moveri</span> <span class='ocrx_word' id='word_1_24' title='bbox 1912 278 1944 304; x_wconf 35' lang='lat' dir='ltr'>‚v</span> <span class='ocrx_word' id='word_1_25' title='bbox 1971 263 2075 311; x_wconf 58' lang='lat' dir='ltr'>pera</span> 
     </span>
    </p>
   </div>
   <div class='ocr_carea' id='block_1_6' title="bbox 314 297 2074 433">
    <p class='ocr_par' dir='ltr' id='par_1_6' title="bbox 314 297 2074 433">
     <span class='ocr_line' id='line_1_7' title="bbox 318 297 2074 370; baseline 0.01 -27"><span class='ocrx_word' id='word_1_26' title='bbox 318 297 446 347; x_wconf 81' lang='lat' dir='ltr'>lebat</span> <span class='ocrx_word' id='word_1_27' title='bbox 468 336 481 355; x_wconf 93' lang='lat'>,</span> <span class='ocrx_word' id='word_1_28' title='bbox 537 299 565 348; x_wconf 65' lang='grc' dir='ltr'>ὲ</span> <span class='ocrx_word' id='word_1_29' title='bbox 588 299 874 363; x_wconf 76' lang='lat' dir='ltr'>Philosophis</span> <span class='ocrx_word' id='word_1_30' title='bbox 893 338 906 357; x_wconf 92' lang='lat'><strong>‚</strong></span> <span class='ocrx_word' id='word_1_31' title='bbox 969 304 1017 350; x_wconf 84' lang='lat' dir='ltr'>in</span> <span class='ocrx_word' id='word_1_32' title='bbox 1048 304 1178 365; x_wconf 74' lang='lat' dir='ltr'>turpiv</span> <span class='ocrx_word' id='word_1_33' title='bbox 1223 305 1292 364; x_wconf 84' lang='lat' dir='ltr'>git</span> <span class='ocrx_word' id='word_1_34' title='bbox 1312 318 1520 366; x_wconf 86' lang='lat' dir='ltr'>coeptum</span> <span class='ocrx_word' id='word_1_35' title='bbox 1535 320 1696 370; x_wconf 82' lang='lat' dir='ltr'>urgere</span> <span class='ocrx_word' id='word_1_36' title='bbox 1713 309 1972 368; x_wconf 77' lang='lat' dir='ltr'><strong>discursum,</strong></span> <span class='ocrx_word' id='word_1_37' title='bbox 2003 315 2074 360; x_wconf 85' lang='lat' dir='ltr'>in-</span> 
     </span>
     <span class='ocr_line' id='line_1_8' title="bbox 314 363 2073 433; baseline 0.008 -25"><span class='ocrx_word' id='word_1_38' title='bbox 314 363 450 421; x_wconf 62' lang='lat' dir='ltr'>qtio&#39;,</span> <span class='ocrx_word' id='word_1_39' title='bbox 478 381 575 413; x_wconf 85' lang='lat' dir='ltr'>non</span> <span class='ocrx_word' id='word_1_40' title='bbox 593 367 828 421; x_wconf 79' lang='lat' dir='ltr'>celebrari,</span> <span class='ocrx_word' id='word_1_41' title='bbox 863 365 1169 414; x_wconf 83' lang='lat' dir='ltr'>nificontinua</span> <span class='ocrx_word' id='word_1_42' title='bbox 1223 367 1415 429; x_wconf 79' lang='lat' dir='ltr'>dignum</span> <span class='ocrx_word' id='word_1_43' title='bbox 1444 369 1720 433; x_wconf 86' lang='lat' dir='ltr'>Philolopho</span> <span class='ocrx_word' id='word_1_44' title='bbox 1746 387 1871 423; x_wconf 83' lang='lat' dir='ltr'>ratus</span> <span class='ocrx_word' id='word_1_45' title='bbox 1891 413 1905 433; x_wconf 96' lang='lat'>,</span> <span class='ocrx_word' id='word_1_46' title='bbox 1947 376 1979 424; x_wconf 83' lang='lat' dir='ltr'>fi</span> <span class='ocrx_word' id='word_1_47' title='bbox 2001 375 2073 423; x_wconf 89' lang='lat' dir='ltr'>di-</span> 
     </span>
    </p>
   </div>
   <div class='ocr_carea' id='block_1_7' title="bbox 283 427 1164 2716">
    <p class='ocr_par' dir='ltr' id='par_1_7' title="bbox 283 427 1164 2716">
     <span class='ocr_line' id='line_1_9' title="bbox 313 427 1164 485; baseline 0.002 -8"><span class='ocrx_word' id='word_1_48' title='bbox 313 427 563 485; x_wconf 78' lang='lat' dir='ltr'>Sabbatha‚</span> <span class='ocrx_word' id='word_1_49' title='bbox 606 433 655 478; x_wconf 67' lang='grc' dir='ltr'>δε</span> <span class='ocrx_word' id='word_1_50' title='bbox 682 431 777 477; x_wconf 87' lang='lat' dir='ltr'>dies</span> <span class='ocrx_word' id='word_1_51' title='bbox 797 432 1004 478; x_wconf 85' lang='lat' dir='ltr'>Veneris.</span> <span class='ocrx_word' id='word_1_52' title='bbox 1070 434 1164 481; x_wconf 84' lang='lat' dir='ltr'>Re-</span> 
     </span>
     <span class='ocr_line' id='line_1_10' title="bbox 312 490 1164 544; baseline 0.009 -7"><span class='ocrx_word' id='word_1_53' title='bbox 312 490 450 540; x_wconf 79' lang='lat' dir='ltr'>futari</span> <span class='ocrx_word' id='word_1_54' title='bbox 465 493 618 542; x_wconf 81' lang='lat' dir='ltr'>statuit</span> <span class='ocrx_word' id='word_1_55' title='bbox 630 496 716 541; x_wconf 87' lang='lat' dir='ltr'>hos</span> <span class='ocrx_word' id='word_1_56' title='bbox 727 511 900 543; x_wconf 84' lang='lat' dir='ltr'>errores</span> <span class='ocrx_word' id='word_1_57' title='bbox 913 493 992 542; x_wconf 83' lang='lat' dir='ltr'>suo</span> <span class='ocrx_word' id='word_1_58' title='bbox 1005 512 1164 544; x_wconf 88' lang='lat' dir='ltr'>exem-</span> 
     </span>
     <span class='ocr_line' id='line_1_11' title="bbox 309 556 1163 623; baseline 0.009 -20"><span class='ocrx_word' id='word_1_59' title='bbox 309 556 416 618; x_wconf 87' lang='lat' dir='ltr'>plo:</span> <span class='ocrx_word' id='word_1_60' title='bbox 446 557 502 605; x_wconf 83' lang='lat' dir='ltr'>sic</span> <span class='ocrx_word' id='word_1_61' title='bbox 517 556 713 614; x_wconf 86' lang='lat' dir='ltr'>studuit,</span> <span class='ocrx_word' id='word_1_62' title='bbox 746 558 1163 623; x_wconf 74' lang='lat' dir='ltr'>utcitiusjoviful-</span> 
     </span>
     <span class='ocr_line' id='line_1_12' title="bbox 312 624 1161 682; baseline 0.008 -15"><span class='ocrx_word' id='word_1_63' title='bbox 312 635 444 675; x_wconf 83' lang='lat' dir='ltr'>men,</span> <span class='ocrx_word' id='word_1_64' title='bbox 492 624 678 682; x_wconf 75' lang='lat' dir='ltr'>Herculi</span> <span class='ocrx_word' id='word_1_65' title='bbox 707 625 920 681; x_wconf 79' lang='lat' dir='ltr'>clavam,</span> <span class='ocrx_word' id='word_1_66' title='bbox 964 627 1037 673; x_wconf 87' lang='lat' dir='ltr'>vel</span> <span class='ocrx_word' id='word_1_67' title='bbox 1059 629 1161 674; x_wconf 89' lang='lat' dir='ltr'>Ho-</span> 
     </span>
     <span class='ocr_line' id='line_1_13' title="bbox 309 685 1163 753; baseline 0.008 -21"><span class='ocrx_word' id='word_1_68' title='bbox 309 700 441 734; x_wconf 88' lang='lat' dir='ltr'>mero</span> <span class='ocrx_word' id='word_1_69' title='bbox 462 686 642 737; x_wconf 86' lang='lat' dir='ltr'>versum</span> <span class='ocrx_word' id='word_1_70' title='bbox 663 685 945 738; x_wconf 82' lang='lat' dir='ltr'>subtraheres</span> <span class='ocrx_word' id='word_1_71' title='bbox 968 728 982 746; x_wconf 88' lang='lat'>,</span> <span class='ocrx_word' id='word_1_72' title='bbox 1021 692 1163 753; x_wconf 60' lang='lat' dir='ltr'>quiam</span> 
     </span>
     <span class='ocr_line' id='line_1_14' title="bbox 308 749 1163 809; baseline 0.008 -14"><span class='ocrx_word' id='word_1_73' title='bbox 308 749 414 797; x_wconf 87' lang='lat' dir='ltr'>huic</span> <span class='ocrx_word' id='word_1_74' title='bbox 438 752 605 800; x_wconf 88' lang='lat' dir='ltr'>librum</span> <span class='ocrx_word' id='word_1_75' title='bbox 625 790 638 809; x_wconf 91' lang='lat'>,</span> <span class='ocrx_word' id='word_1_76' title='bbox 674 751 906 803; x_wconf 88' lang='lat' dir='ltr'>severioris</span> <span class='ocrx_word' id='word_1_77' title='bbox 943 757 1163 804; x_wconf 84' lang='lat' dir='ltr'>Minervae</span> 
     </span>
     <span class='ocr_line' id='line_1_15' title="bbox 308 811 1162 876; baseline 0.007 -15"><span class='ocrx_word' id='word_1_78' title='bbox 308 811 528 876; x_wconf 75' lang='lat' dir='ltr'>spolium:</span> <span class='ocrx_word' id='word_1_79' title='bbox 564 817 620 865; x_wconf 82' lang='lat' dir='ltr'>sic</span> <span class='ocrx_word' id='word_1_80' title='bbox 644 817 842 873; x_wconf 77' lang='lat' dir='ltr'>studuit,</span> <span class='ocrx_word' id='word_1_81' title='bbox 895 820 984 867; x_wconf 83' lang='lat' dir='ltr'>acsi</span> <span class='ocrx_word' id='word_1_82' title='bbox 1008 818 1162 867; x_wconf 84' lang='lat' dir='ltr'>stude-</span> 
     </span>
     <span class='ocr_line' id='line_1_16' title="bbox 304 885 1158 943; baseline 0.008 -18"><span class='ocrx_word' id='word_1_83' title='bbox 304 893 375 926; x_wconf 86' lang='lat' dir='ltr'>ret</span> <span class='ocrx_word' id='word_1_84' title='bbox 394 897 479 943; x_wconf 88' lang='lat' dir='ltr'>pro</span> <span class='ocrx_word' id='word_1_85' title='bbox 491 885 731 931; x_wconf 83' lang='lat' dir='ltr'>omnibus:</span> <span class='ocrx_word' id='word_1_86' title='bbox 765 901 872 932; x_wconf 80' lang='lat' dir='ltr'>nam</span> <span class='ocrx_word' id='word_1_87' title='bbox 887 887 1032 933; x_wconf 78' lang='lat' dir='ltr'>inhoc</span> <span class='ocrx_word' id='word_1_88' title='bbox 1064 900 1158 932; x_wconf 86' lang='lat' dir='ltr'>uno</span> 
     </span>
     <span class='ocr_line' id='line_1_17' title="bbox 305 946 1160 1013; baseline 0.007 -22"><span class='ocrx_word' id='word_1_89' title='bbox 305 946 778 1009; x_wconf 54' lang='lat' dir='ltr'>colligebatindu&#39;strih</span> <span class='ocrx_word' id='word_1_90' title='bbox 797 986 811 1006; x_wconf 91' lang='lat'>‚</span> <span class='ocrx_word' id='word_1_91' title='bbox 835 949 964 1012; x_wconf 89' lang='lat' dir='ltr'>quod</span> <span class='ocrx_word' id='word_1_92' title='bbox 973 966 1054 1013; x_wconf 89' lang='lat' dir='ltr'>per</span> <span class='ocrx_word' id='word_1_93' title='bbox 1068 951 1160 997; x_wconf 90' lang='lat' dir='ltr'>oti-</span> 
     </span>
     <span class='ocr_line' id='line_1_18' title="bbox 304 1012 1160 1073; baseline 0.011 -18"><span class='ocrx_word' id='word_1_94' title='bbox 304 1023 388 1056; x_wconf 89' lang='lat' dir='ltr'>um</span> <span class='ocrx_word' id='word_1_95' title='bbox 416 1012 634 1073; x_wconf 86' lang='lat' dir='ltr'>perdebat</span> <span class='ocrx_word' id='word_1_96' title='bbox 663 1015 711 1061; x_wconf 85' lang='lat' dir='ltr'>in</span> <span class='ocrx_word' id='word_1_97' title='bbox 737 1017 922 1063; x_wconf 80' lang='lat' dir='ltr'>caeteris.</span> <span class='ocrx_word' id='word_1_98' title='bbox 987 1015 1077 1065; x_wconf 87' lang='lat' dir='ltr'>Sed</span> <span class='ocrx_word' id='word_1_99' title='bbox 1109 1018 1160 1064; x_wconf 75' lang='grc' dir='ltr'>ὃ(</span> 
     </span>
     <span class='ocr_line' id='line_1_19' title="bbox 303 1072 1160 1139; baseline 0.007 -19"><span class='ocrx_word' id='word_1_100' title='bbox 303 1072 456 1122; x_wconf 89' lang='lat' dir='ltr'>studio</span> <span class='ocrx_word' id='word_1_101' title='bbox 465 1078 617 1139; x_wconf 88' lang='lat' dir='ltr'>junxit</span> <span class='ocrx_word' id='word_1_102' title='bbox 630 1082 853 1131; x_wconf 85' lang='lat' dir='ltr'>virtutem</span> <span class='ocrx_word' id='word_1_103' title='bbox 872 1096 882 1126; x_wconf 80' lang='lat' dir='ltr'><em>z</em></span> <span class='ocrx_word' id='word_1_104' title='bbox 918 1080 1045 1128; x_wconf 66' lang='lat' dir='ltr'>tantfi</span> <span class='ocrx_word' id='word_1_105' title='bbox 1057 1083 1160 1127; x_wconf 86' lang='lat' dir='ltr'>vitae</span> 
     </span>
     <span class='ocr_line' id='line_1_20' title="bbox 301 1142 1160 1207; baseline 0.007 -22"><span class='ocrx_word' id='word_1_106' title='bbox 301 1142 514 1202; x_wconf 83' lang='lat' dir='ltr'>praeluxit</span> <span class='ocrx_word' id='word_1_107' title='bbox 526 1145 810 1207; x_wconf 84' lang='lat' dir='ltr'>integritate,</span> <span class='ocrx_word' id='word_1_108' title='bbox 834 1145 1160 1194; x_wconf 85' lang='lat' dir='ltr'>utAlexandri-</span> 
     </span>
     <span class='ocr_line' id='line_1_21' title="bbox 301 1205 1157 1271; baseline 0.007 -20"><span class='ocrx_word' id='word_1_109' title='bbox 301 1206 347 1251; x_wconf 87' lang='lat' dir='ltr'>ni</span> <span class='ocrx_word' id='word_1_110' title='bbox 364 1205 625 1271; x_wconf 84' lang='lat' dir='ltr'>Philosophi</span> <span class='ocrx_word' id='word_1_111' title='bbox 647 1211 692 1256; x_wconf 87' lang='lat' dir='ltr'>in</span> <span class='ocrx_word' id='word_1_112' title='bbox 715 1211 798 1257; x_wconf 84' lang='lat' dir='ltr'>illo</span> <span class='ocrx_word' id='word_1_113' title='bbox 821 1208 895 1258; x_wconf 87' lang='lat' dir='ltr'>sua</span> <span class='ocrx_word' id='word_1_114' title='bbox 922 1221 1157 1258; x_wconf 81' lang='lat' dir='ltr'>cernerent</span> 
     </span>
     <span class='ocr_line' id='line_1_22' title="bbox 302 1271 1155 1337; baseline 0.009 -22"><span class='ocrx_word' id='word_1_115' title='bbox 302 1271 415 1318; x_wconf 82' lang='lat' dir='ltr'>vitia</span> <span class='ocrx_word' id='word_1_116' title='bbox 433 1310 445 1328; x_wconf 91' lang='lat'><strong>‚</strong></span> <span class='ocrx_word' id='word_1_117' title='bbox 481 1271 541 1321; x_wconf 72' lang='lat' dir='ltr'>eo</span> <span class='ocrx_word' id='word_1_118' title='bbox 561 1272 695 1337; x_wconf 74' lang='lat' dir='ltr'>quod</span> <span class='ocrx_word' id='word_1_119' title='bbox 715 1289 950 1323; x_wconf 82' lang='lat' dir='ltr'><strong>cernerent</strong></span> <span class='ocrx_word' id='word_1_120' title='bbox 990 1278 1036 1322; x_wconf 89' lang='lat' dir='ltr'>in</span> <span class='ocrx_word' id='word_1_121' title='bbox 1072 1277 1155 1323; x_wconf 91' lang='lat' dir='ltr'>illo</span> 
     </span>
     <span class='ocr_line' id='line_1_23' title="bbox 299 1337 1154 1403; baseline 0.008 -22"><span class='ocrx_word' id='word_1_122' title='bbox 299 1337 497 1384; x_wconf 87' lang='lat' dir='ltr'>nullum.</span> <span class='ocrx_word' id='word_1_123' title='bbox 568 1339 656 1388; x_wconf 90' lang='lat' dir='ltr'>Sed</span> <span class='ocrx_word' id='word_1_124' title='bbox 670 1338 777 1389; x_wconf 72' lang='lat' dir='ltr'>cum</span> <span class='ocrx_word' id='word_1_125' title='bbox 788 1341 900 1388; x_wconf 87' lang='lat' dir='ltr'>nihil</span> <span class='ocrx_word' id='word_1_126' title='bbox 913 1338 1154 1403; x_wconf 86' lang='lat' dir='ltr'>proficeret</span> 
     </span>
     <span class='ocr_line' id='line_1_24' title="bbox 297 1402 1152 1469; baseline 0.009 -24"><span class='ocrx_word' id='word_1_127' title='bbox 297 1402 402 1448; x_wconf 89' lang='lat' dir='ltr'>vitae</span> <span class='ocrx_word' id='word_1_128' title='bbox 421 1406 654 1467; x_wconf 85' lang='lat' dir='ltr'>exemplo,</span> <span class='ocrx_word' id='word_1_129' title='bbox 674 1404 831 1454; x_wconf 86' lang='lat' dir='ltr'>statuit</span> <span class='ocrx_word' id='word_1_130' title='bbox 849 1422 947 1453; x_wconf 89' lang='lat' dir='ltr'>rem</span> <span class='ocrx_word' id='word_1_131' title='bbox 967 1406 1152 1469; x_wconf 83' lang='lat' dir='ltr'>aggredi</span> 
     </span>
     <span class='ocr_line' id='line_1_25' title="bbox 298 1468 1152 1534; baseline 0.009 -23"><span class='ocrx_word' id='word_1_132' title='bbox 298 1468 442 1514; x_wconf 89' lang='lat' dir='ltr'>verbo</span> <span class='ocrx_word' id='word_1_133' title='bbox 455 1505 468 1522; x_wconf 82' lang='lat'><strong>‚</strong></span> <span class='ocrx_word' id='word_1_134' title='bbox 500 1483 552 1517; x_wconf 90' lang='lat' dir='ltr'>ut</span> <span class='ocrx_word' id='word_1_135' title='bbox 571 1469 679 1518; x_wconf 84' lang='lat' dir='ltr'>effet</span> <span class='ocrx_word' id='word_1_136' title='bbox 698 1485 865 1534; x_wconf 85' lang='lat' dir='ltr'>potens</span> <span class='ocrx_word' id='word_1_137' title='bbox 878 1508 891 1528; x_wconf 87' lang='lat'>‚</span> <span class='ocrx_word' id='word_1_138' title='bbox 935 1474 1077 1519; x_wconf 89' lang='lat' dir='ltr'>verbo</span> <span class='ocrx_word' id='word_1_139' title='bbox 1097 1471 1152 1519; x_wconf 81' lang='lat' dir='ltr'>si-</span> 
     </span>
     <span class='ocr_line' id='line_1_26' title="bbox 296 1533 1152 1598; baseline 0.008 -21"><span class='ocrx_word' id='word_1_140' title='bbox 296 1533 421 1590; x_wconf 89' lang='lat' dir='ltr'>mul,</span> <span class='ocrx_word' id='word_1_141' title='bbox 445 1535 495 1583; x_wconf 88' lang='lat'>&amp;</span> <span class='ocrx_word' id='word_1_142' title='bbox 526 1552 680 1598; x_wconf 91' lang='lat' dir='ltr'>opere.</span> <span class='ocrx_word' id='word_1_143' title='bbox 747 1538 1037 1592; x_wconf 88' lang='lat' dir='ltr'>Acriterille‚</span> <span class='ocrx_word' id='word_1_144' title='bbox 1068 1553 1152 1584; x_wconf 92' lang='lat' dir='ltr'>nec</span> 
     </span>
     <span class='ocr_line' id='line_1_27' title="bbox 293 1594 1148 1664; baseline 0.007 -22"><span class='ocrx_word' id='word_1_145' title='bbox 293 1594 385 1643; x_wconf 87' lang='lat' dir='ltr'>sme</span> <span class='ocrx_word' id='word_1_146' title='bbox 407 1599 597 1658; x_wconf 86' lang='lat' dir='ltr'>lixivio,</span> <span class='ocrx_word' id='word_1_147' title='bbox 627 1598 737 1664; x_wconf 75' lang='lat' dir='ltr'>saepe</span> <span class='ocrx_word' id='word_1_148' title='bbox 761 1604 943 1650; x_wconf 80' lang='lat' dir='ltr'>lavabat</span> <span class='ocrx_word' id='word_1_149' title='bbox 970 1600 1148 1649; x_wconf 82' lang='lat' dir='ltr'>sordida</span> 
     </span>
     <span class='ocr_line' id='line_1_28' title="bbox 293 1663 1150 1730; baseline 0.008 -23"><span class='ocrx_word' id='word_1_150' title='bbox 293 1663 558 1725; x_wconf 76' lang='lat' dir='ltr'>Sophorum</span> <span class='ocrx_word' id='word_1_151' title='bbox 577 1669 813 1730; x_wconf 83' lang='lat' dir='ltr'>colloquia</span> <span class='ocrx_word' id='word_1_152' title='bbox 832 1706 843 1724; x_wconf 90' lang='lat'>‚</span> <span class='ocrx_word' id='word_1_153' title='bbox 899 1663 1150 1730; x_wconf 73' lang='lat' dir='ltr'>moresque</span> 
     </span>
     <span class='ocr_line' id='line_1_29' title="bbox 295 1729 1146 1791; baseline 0.008 -18"><span class='ocrx_word' id='word_1_154' title='bbox 295 1730 543 1791; x_wconf 80' lang='lat' dir='ltr'>colloquiis</span> <span class='ocrx_word' id='word_1_155' title='bbox 586 1729 875 1780; x_wconf 81' lang='lat' dir='ltr'>sordidiores.</span> <span class='ocrx_word' id='word_1_156' title='bbox 970 1734 1146 1781; x_wconf 81' lang='lat' dir='ltr'>Habuit</span> 
     </span>
     <span class='ocr_line' id='line_1_30' title="bbox 292 1792 1145 1847; baseline 0.007 -8"><span class='ocrx_word' id='word_1_157' title='bbox 292 1808 362 1840; x_wconf 91' lang='lat' dir='ltr'>res</span> <span class='ocrx_word' id='word_1_158' title='bbox 387 1792 468 1841; x_wconf 82' lang='lat' dir='ltr'>ista</span> <span class='ocrx_word' id='word_1_159' title='bbox 493 1792 614 1843; x_wconf 76' lang='lat' dir='ltr'>male</span> <span class='ocrx_word' id='word_1_160' title='bbox 646 1797 734 1845; x_wconf 85' lang='lat' dir='ltr'>hos</span> <span class='ocrx_word' id='word_1_161' title='bbox 756 1799 904 1846; x_wconf 83' lang='lat' dir='ltr'>malos</span> <span class='ocrx_word' id='word_1_162' title='bbox 941 1796 1145 1847; x_wconf 81' lang='lat' dir='ltr'>Philoso-</span> 
     </span>
     <span class='ocr_line' id='line_1_31' title="bbox 291 1858 1144 1925; baseline 0.008 -21"><span class='ocrx_word' id='word_1_163' title='bbox 291 1858 412 1922; x_wconf 86' lang='lat' dir='ltr'>phos</span> <span class='ocrx_word' id='word_1_164' title='bbox 438 1877 450 1906; x_wconf 68' lang='grc' dir='ltr'>ε</span> <span class='ocrx_word' id='word_1_165' title='bbox 506 1862 665 1910; x_wconf 81' lang='lat' dir='ltr'>habuit</span> <span class='ocrx_word' id='word_1_166' title='bbox 696 1861 830 1925; x_wconf 70' lang='lat' dir='ltr'>pejus</span> <span class='ocrx_word' id='word_1_167' title='bbox 859 1901 872 1920; x_wconf 91' lang='lat'>‚</span> <span class='ocrx_word' id='word_1_168' title='bbox 911 1866 1144 1911; x_wconf 86' lang='lat' dir='ltr'>malorum</span> 
     </span>
     <span class='ocr_line' id='line_1_32' title="bbox 289 1925 1139 1991; baseline 0.004 -18"><span class='ocrx_word' id='word_1_169' title='bbox 289 1925 576 1984; x_wconf 84' lang='lat' dir='ltr'>Authorem‚</span> <span class='ocrx_word' id='word_1_170' title='bbox 605 1927 849 1991; x_wconf 84' lang='lat' dir='ltr'>peffimum</span> <span class='ocrx_word' id='word_1_171' title='bbox 867 1929 1139 1977; x_wconf 81' lang='lat' dir='ltr'>daemonem.</span> 
     </span>
     <span class='ocr_line' id='line_1_33' title="bbox 289 1991 1142 2058; baseline 0.004 -20"><span class='ocrx_word' id='word_1_172' title='bbox 289 1991 457 2038; x_wconf 82' lang='lat' dir='ltr'>Fabam</span> <span class='ocrx_word' id='word_1_173' title='bbox 513 1993 639 2040; x_wconf 85' lang='lat' dir='ltr'>cudit</span> <span class='ocrx_word' id='word_1_174' title='bbox 669 1995 829 2057; x_wconf 63' lang='lat' dir='ltr'>Stygii</span> <span class='ocrx_word' id='word_1_175' title='bbox 878 1994 1033 2058; x_wconf 59' lang='lat' dir='ltr'>Magia</span> <span class='ocrx_word' id='word_1_176' title='bbox 1073 1994 1142 2041; x_wconf 91' lang='lat' dir='ltr'>di-</span> 
     </span>
     <span class='ocr_line' id='line_1_34' title="bbox 289 2054 1142 2123; baseline 0.006 -21"><span class='ocrx_word' id='word_1_177' title='bbox 289 2072 453 2119; x_wconf 78' lang='lat' dir='ltr'>gnam,</span> <span class='ocrx_word' id='word_1_178' title='bbox 489 2054 561 2104; x_wconf 89' lang='lat' dir='ltr'>sed</span> <span class='ocrx_word' id='word_1_179' title='bbox 598 2075 697 2122; x_wconf 86' lang='lat' dir='ltr'>quae</span> <span class='ocrx_word' id='word_1_180' title='bbox 725 2062 933 2109; x_wconf 76' lang='lat' dir='ltr'>Talionis</span> <span class='ocrx_word' id='word_1_181' title='bbox 951 2075 1142 2123; x_wconf 86' lang='lat' dir='ltr'>poenam</span> 
     </span>
     <span class='ocr_line' id='line_1_35' title="bbox 288 2122 1140 2183; baseline 0.005 -13"><span class='ocrx_word' id='word_1_182' title='bbox 288 2122 505 2170; x_wconf 77' lang='lat' dir='ltr'>Authori.</span> <span class='ocrx_word' id='word_1_183' title='bbox 589 2127 725 2172; x_wconf 89' lang='lat' dir='ltr'>More</span> <span class='ocrx_word' id='word_1_184' title='bbox 760 2123 840 2173; x_wconf 89' lang='lat' dir='ltr'>suo</span> <span class='ocrx_word' id='word_1_185' title='bbox 862 2163 875 2183; x_wconf 92' lang='lat'>‚</span> <span class='ocrx_word' id='word_1_186' title='bbox 926 2129 970 2173; x_wconf 90' lang='lat' dir='ltr'>in</span> <span class='ocrx_word' id='word_1_187' title='bbox 997 2122 1140 2174; x_wconf 50' lang='lat' dir='ltr'>doeio</span> 
     </span>
     <span class='ocr_line' id='line_1_36' title="bbox 287 2188 1137 2254; baseline 0.006 -20"><span class='ocrx_word' id='word_1_188' title='bbox 287 2188 551 2251; x_wconf 89' lang='lat' dir='ltr'>Sophorum</span> <span class='ocrx_word' id='word_1_189' title='bbox 598 2192 766 2238; x_wconf 88' lang='lat' dir='ltr'>circulo</span> <span class='ocrx_word' id='word_1_190' title='bbox 791 2229 803 2247; x_wconf 92' lang='lat'>,</span> <span class='ocrx_word' id='word_1_191' title='bbox 880 2189 1137 2254; x_wconf 80' lang='lat' dir='ltr'>disputabat</span> 
     </span>
     <span class='ocr_line' id='line_1_37' title="bbox 283 2251 1135 2319; baseline 0.004 -18"><span class='ocrx_word' id='word_1_192' title='bbox 283 2254 558 2314; x_wconf 83' lang='lat' dir='ltr'>Gregorius:</span> <span class='ocrx_word' id='word_1_193' title='bbox 593 2251 701 2302; x_wconf 72' lang='lat' dir='ltr'>cum</span> <span class='ocrx_word' id='word_1_194' title='bbox 737 2272 837 2303; x_wconf 88' lang='lat' dir='ltr'>ecce</span> <span class='ocrx_word' id='word_1_195' title='bbox 877 2270 1039 2319; x_wconf 83' lang='lat' dir='ltr'>quarta</span> <span class='ocrx_word' id='word_1_196' title='bbox 1078 2274 1135 2304; x_wconf 87' lang='lat' dir='ltr'>ex</span> 
     </span>
     <span class='ocr_line' id='line_1_38' title="bbox 284 2319 1135 2377; baseline 0.006 -11"><span class='ocrx_word' id='word_1_197' title='bbox 284 2319 413 2366; x_wconf 88' lang='lat' dir='ltr'>Orco</span> <span class='ocrx_word' id='word_1_198' title='bbox 429 2321 560 2367; x_wconf 83' lang='lat' dir='ltr'>Furia</span> <span class='ocrx_word' id='word_1_199' title='bbox 576 2319 788 2377; x_wconf 84' lang='lat' dir='ltr'>advolat,</span> <span class='ocrx_word' id='word_1_200' title='bbox 824 2323 996 2369; x_wconf 80' lang='lat' dir='ltr'>infame</span> <span class='ocrx_word' id='word_1_201' title='bbox 1006 2326 1135 2371; x_wconf 89' lang='lat' dir='ltr'>Scor-</span> 
     </span>
     <span class='ocr_line' id='line_1_39' title="bbox 284 2382 1134 2438; baseline 0.006 -8"><span class='ocrx_word' id='word_1_202' title='bbox 284 2395 386 2430; x_wconf 80' lang='lat' dir='ltr'>tum</span> <span class='ocrx_word' id='word_1_203' title='bbox 399 2421 411 2438; x_wconf 93' lang='lat'>,</span> <span class='ocrx_word' id='word_1_204' title='bbox 434 2396 487 2431; x_wconf 87' lang='lat' dir='ltr'>ut</span> <span class='ocrx_word' id='word_1_205' title='bbox 503 2384 561 2432; x_wconf 92' lang='lat' dir='ltr'>de</span> <span class='ocrx_word' id='word_1_206' title='bbox 579 2382 740 2433; x_wconf 88' lang='lat' dir='ltr'>scelere</span> <span class='ocrx_word' id='word_1_207' title='bbox 759 2390 1054 2435; x_wconf 84' lang='lat' dir='ltr'>Innocentem</span> <span class='ocrx_word' id='word_1_208' title='bbox 1067 2390 1134 2435; x_wconf 85' lang='lat' dir='ltr'>in-</span> 
     </span>
     <span class='ocr_line' id='line_1_40' title="bbox 286 2448 1134 2509; baseline 0.011 -14"><span class='ocrx_word' id='word_1_209' title='bbox 286 2448 449 2495; x_wconf 82' lang='lat' dir='ltr'>famet.</span> <span class='ocrx_word' id='word_1_210' title='bbox 515 2452 632 2498; x_wconf 89' lang='lat' dir='ltr'>Petit</span> <span class='ocrx_word' id='word_1_211' title='bbox 657 2453 757 2508; x_wconf 80' lang='lat' dir='ltr'>illa,</span> <span class='ocrx_word' id='word_1_212' title='bbox 793 2451 882 2501; x_wconf 69' lang='lat' dir='ltr'>fine</span> <span class='ocrx_word' id='word_1_213' title='bbox 899 2454 1080 2509; x_wconf 86' lang='lat' dir='ltr'>fronte,</span> <span class='ocrx_word' id='word_1_214' title='bbox 1108 2452 1134 2504; x_wconf 69' lang='grc' dir='ltr'>ὲ</span> 
     </span>
     <span class='ocr_line' id='line_1_41' title="bbox 287 2515 1136 2581; baseline 0.006 -20"><span class='ocrx_word' id='word_1_215' title='bbox 287 2515 515 2575; x_wconf 87' lang='lat' dir='ltr'>Gregorio</span> <span class='ocrx_word' id='word_1_216' title='bbox 526 2518 785 2565; x_wconf 84' lang='lat' dir='ltr'>commercii</span> <span class='ocrx_word' id='word_1_217' title='bbox 796 2515 943 2564; x_wconf 75' lang='lat' dir='ltr'>lascivi</span> <span class='ocrx_word' id='word_1_218' title='bbox 967 2517 1136 2581; x_wconf 85' lang='lat' dir='ltr'>stipen-</span> 
     </span>
     <span class='ocr_line' id='line_1_42' title="bbox 285 2577 1131 2645; baseline 0.004 -19"><span class='ocrx_word' id='word_1_219' title='bbox 285 2579 431 2626; x_wconf 77' lang='lat' dir='ltr'>dium.</span> <span class='ocrx_word' id='word_1_220' title='bbox 508 2577 604 2630; x_wconf 69' lang='lat' dir='ltr'>,Hic</span> <span class='ocrx_word' id='word_1_221' title='bbox 637 2579 946 2645; x_wconf 84' lang='lat' dir='ltr'>obstupescere</span> <span class='ocrx_word' id='word_1_222' title='bbox 970 2599 1131 2632; x_wconf 89' lang='lat' dir='ltr'>omnes</span> 
     </span>
     <span class='ocr_line' id='line_1_43' title="bbox 285 2642 1132 2716; baseline 0.006 -22"><span class='ocrx_word' id='word_1_223' title='bbox 285 2645 400 2694; x_wconf 75' lang='lat' dir='ltr'>hanc</span> <span class='ocrx_word' id='word_1_224' title='bbox 419 2642 692 2696; x_wconf 84' lang='lat' dir='ltr'>insolentem</span> <span class='ocrx_word' id='word_1_225' title='bbox 710 2649 1024 2716; x_wconf 77' lang='lat' dir='ltr'>proterviam:</span> <span class='ocrx_word' id='word_1_226' title='bbox 1060 2645 1132 2699; x_wconf 83' lang='lat' dir='ltr'>so-</span> 
     </span>
    </p>
   </div>
   <div class='ocr_carea' id='block_1_8' title="bbox 1186 428 2075 2777">
    <p class='ocr_par' dir='ltr' id='par_1_8' title="bbox 1197 428 2075 2042">
     <span class='ocr_line' id='line_1_44' title="bbox 1223 428 2072 494; baseline 0.013 -16"><span class='ocrx_word' id='word_1_227' title='bbox 1223 428 1462 479; x_wconf 86' lang='lat' dir='ltr'>scurrendo</span> <span class='ocrx_word' id='word_1_228' title='bbox 1481 449 1586 481; x_wconf 91' lang='lat' dir='ltr'>cum</span> <span class='ocrx_word' id='word_1_229' title='bbox 1601 436 1719 484; x_wconf 78' lang='lat' dir='ltr'>sanis</span> <span class='ocrx_word' id='word_1_230' title='bbox 1731 474 1744 494; x_wconf 87' lang='lat'>,</span> <span class='ocrx_word' id='word_1_231' title='bbox 1786 442 1860 487; x_wconf 82' lang='lat' dir='ltr'>vel</span> <span class='ocrx_word' id='word_1_232' title='bbox 1876 442 2072 494; x_wconf 49' lang='lat' dir='ltr'>,verbulo</span> 
     </span>
     <span class='ocr_line' id='line_1_45' title="bbox 1220 493 2071 557; baseline 0.013 -15"><span class='ocrx_word' id='word_1_233' title='bbox 1220 493 1484 545; x_wconf 79' lang='lat' dir='ltr'>adinsanam</span> <span class='ocrx_word' id='word_1_234' title='bbox 1494 512 1765 557; x_wconf 84' lang='lat' dir='ltr'>excurreret.</span> <span class='ocrx_word' id='word_1_235' title='bbox 1828 505 1919 553; x_wconf 83' lang='lat' dir='ltr'>Sed</span> <span class='ocrx_word' id='word_1_236' title='bbox 1937 506 2071 553; x_wconf 85' lang='lat' dir='ltr'>obla-</span> 
     </span>
     <span class='ocr_line' id='line_1_46' title="bbox 1219 564 2070 631; baseline 0.012 -24"><span class='ocrx_word' id='word_1_237' title='bbox 1219 572 1308 608; x_wconf 79' lang='lat' dir='ltr'>trat</span> <span class='ocrx_word' id='word_1_238' title='bbox 1324 564 1444 609; x_wconf 79' lang='lat' dir='ltr'>canis</span> <span class='ocrx_word' id='word_1_239' title='bbox 1469 564 1690 611; x_wconf 83' lang='lat' dir='ltr'>maledica</span> <span class='ocrx_word' id='word_1_240' title='bbox 1703 602 1716 621; x_wconf 89' lang='lat'>,</span> <span class='ocrx_word' id='word_1_241' title='bbox 1736 567 1977 631; x_wconf 82' lang='lat' dir='ltr'>magisque</span> <span class='ocrx_word' id='word_1_242' title='bbox 1999 571 2070 617; x_wconf 88' lang='lat' dir='ltr'>ef-</span> 
     </span>
     <span class='ocr_line' id='line_1_47' title="bbox 1216 626 2070 696; baseline 0.011 -22"><span class='ocrx_word' id='word_1_243' title='bbox 1216 627 1374 682; x_wconf 73' lang='lat' dir='ltr'>frons,</span> <span class='ocrx_word' id='word_1_244' title='bbox 1408 629 1459 677; x_wconf 88' lang='lat'>&amp;</span> <span class='ocrx_word' id='word_1_245' title='bbox 1488 626 1706 692; x_wconf 87' lang='lat' dir='ltr'>strepera,</span> <span class='ocrx_word' id='word_1_246' title='bbox 1737 634 1926 693; x_wconf 80' lang='lat' dir='ltr'>pudoris</span> <span class='ocrx_word' id='word_1_247' title='bbox 1965 650 2070 696; x_wconf 87' lang='lat' dir='ltr'>pre-</span> 
     </span>
     <span class='ocr_line' id='line_1_48' title="bbox 1220 692 2069 760; baseline 0.009 -22"><span class='ocrx_word' id='word_1_248' title='bbox 1220 692 1336 738; x_wconf 86' lang='lat' dir='ltr'>tium</span> <span class='ocrx_word' id='word_1_249' title='bbox 1349 707 1442 738; x_wconf 87' lang='lat' dir='ltr'>non</span> <span class='ocrx_word' id='word_1_250' title='bbox 1450 695 1546 754; x_wconf 86' lang='lat' dir='ltr'>jam</span> <span class='ocrx_word' id='word_1_251' title='bbox 1566 692 1793 756; x_wconf 85' lang='lat' dir='ltr'>postulat,</span> <span class='ocrx_word' id='word_1_252' title='bbox 1819 692 1897 745; x_wconf 86' lang='lat' dir='ltr'>sed</span> <span class='ocrx_word' id='word_1_253' title='bbox 1914 700 2069 760; x_wconf 82' lang='lat' dir='ltr'>majo-</span> 
     </span>
     <span class='ocr_line' id='line_1_49' title="bbox 1215 757 2070 821; baseline 0.009 -19"><span class='ocrx_word' id='word_1_254' title='bbox 1215 757 1252 802; x_wconf 89' lang='lat' dir='ltr'>ri</span> <span class='ocrx_word' id='word_1_255' title='bbox 1275 758 1481 804; x_wconf 87' lang='lat' dir='ltr'>tumultu</span> <span class='ocrx_word' id='word_1_256' title='bbox 1499 757 1776 821; x_wconf 86' lang='lat' dir='ltr'>expostulat.</span> <span class='ocrx_word' id='word_1_257' title='bbox 1844 761 1970 810; x_wconf 73' lang='lat' dir='ltr'>Tum</span> <span class='ocrx_word' id='word_1_258' title='bbox 1988 763 2070 810; x_wconf 73' lang='lat' dir='ltr'>de·-</span> 
     </span>
     <span class='ocr_line' id='line_1_50' title="bbox 1215 822 2072 884; baseline 0.013 -19"><span class='ocrx_word' id='word_1_259' title='bbox 1215 822 1356 882; x_wconf 87' lang='lat' dir='ltr'>nique</span> <span class='ocrx_word' id='word_1_260' title='bbox 1374 822 1598 884; x_wconf 84' lang='lat' dir='ltr'>indignari</span> <span class='ocrx_word' id='word_1_261' title='bbox 1619 835 1783 872; x_wconf 87' lang='lat' dir='ltr'>omnes</span> <span class='ocrx_word' id='word_1_262' title='bbox 1811 822 1934 874; x_wconf 83' lang='lat' dir='ltr'>solus</span> <span class='ocrx_word' id='word_1_263' title='bbox 1951 828 2072 878; x_wconf 57' lang='lat' dir='ltr'>Gree</span> 
     </span>
     <span class='ocr_line' id='line_1_51' title="bbox 1214 886 2070 946; baseline 0.007 -14"><span class='ocrx_word' id='word_1_264' title='bbox 1214 888 1371 946; x_wconf 79' lang='lat' dir='ltr'>gorius</span> <span class='ocrx_word' id='word_1_265' title='bbox 1400 886 1490 933; x_wconf 85' lang='lat' dir='ltr'>line</span> <span class='ocrx_word' id='word_1_266' title='bbox 1528 901 1664 935; x_wconf 88' lang='lat' dir='ltr'>motu</span> <span class='ocrx_word' id='word_1_267' title='bbox 1685 925 1698 945; x_wconf 83' lang='lat'>‚</span> <span class='ocrx_word' id='word_1_268' title='bbox 1750 890 1842 937; x_wconf 82' lang='lat' dir='ltr'>haec</span> <span class='ocrx_word' id='word_1_269' title='bbox 1887 893 2070 938; x_wconf 62' lang='lat' dir='ltr'>modice</span> 
     </span>
     <span class='ocr_line' id='line_1_52' title="bbox 1218 949 2075 1003; baseline 0.009 -8"><span class='ocrx_word' id='word_1_270' title='bbox 1218 951 1442 997; x_wconf 77' lang='lat' dir='ltr'>Familiari</span> <span class='ocrx_word' id='word_1_271' title='bbox 1458 949 1537 999; x_wconf 76' lang='lat' dir='ltr'>[uo</span> <span class='ocrx_word' id='word_1_272' title='bbox 1555 955 1600 999; x_wconf 88' lang='lat' dir='ltr'>in</span> <span class='ocrx_word' id='word_1_273' title='bbox 1614 968 1792 1001; x_wconf 84' lang='lat' dir='ltr'>aurem:</span> <span class='ocrx_word' id='word_1_274' title='bbox 1822 952 1947 1002; x_wconf 89' lang='lat' dir='ltr'>solve</span> <span class='ocrx_word' id='word_1_275' title='bbox 1956 971 2075 1003; x_wconf 86' lang='lat' dir='ltr'>nau-.</span> 
     </span>
     <span class='ocr_line' id='line_1_53' title="bbox 1215 1015 2069 1075; baseline 0.007 -15"><span class='ocrx_word' id='word_1_276' title='bbox 1215 1015 1316 1060; x_wconf 90' lang='lat' dir='ltr'>lum</span> <span class='ocrx_word' id='word_1_277' title='bbox 1359 1015 1563 1063; x_wconf 84' lang='lat' dir='ltr'>molestae</span> <span class='ocrx_word' id='word_1_278' title='bbox 1593 1015 1763 1075; x_wconf 87' lang='lat' dir='ltr'>soboli,</span> <span class='ocrx_word' id='word_1_279' title='bbox 1833 1035 1892 1066; x_wconf 87' lang='lat' dir='ltr'>ne</span> <span class='ocrx_word' id='word_1_280' title='bbox 1920 1019 2069 1074; x_wconf 71' lang='lat' dir='ltr'>studia</span> 
     </span>
     <span class='ocr_line' id='line_1_54' title="bbox 1218 1078 2069 1150; baseline 0.011 -26"><span class='ocrx_word' id='word_1_281' title='bbox 1218 1081 1369 1126; x_wconf 90' lang='lat' dir='ltr'>turbet</span> <span class='ocrx_word' id='word_1_282' title='bbox 1386 1117 1400 1137; x_wconf 94' lang='lat'>,</span> <span class='ocrx_word' id='word_1_283' title='bbox 1452 1078 1682 1145; x_wconf 63' lang='lat' dir='ltr'>doetzique</span> <span class='ocrx_word' id='word_1_284' title='bbox 1707 1086 1941 1146; x_wconf 88' lang='lat' dir='ltr'>perturbet</span> <span class='ocrx_word' id='word_1_285' title='bbox 1969 1087 2069 1150; x_wconf 58' lang='lat' dir='ltr'>col3</span> 
     </span>
     <span class='ocr_line' id='line_1_55' title="bbox 1216 1144 2068 1207; baseline 0.007 -17"><span class='ocrx_word' id='word_1_286' title='bbox 1216 1144 1390 1207; x_wconf 86' lang='lat' dir='ltr'>loquia.</span> <span class='ocrx_word' id='word_1_287' title='bbox 1456 1144 1647 1194; x_wconf 63' lang='lat' dir='ltr'>Dietum</span> <span class='ocrx_word' id='word_1_288' title='bbox 1663 1185 1676 1204; x_wconf 90' lang='lat'>‚</span> <span class='ocrx_word' id='word_1_289' title='bbox 1706 1146 1908 1197; x_wconf 65' lang='lat' dir='ltr'>tastum:</span> <span class='ocrx_word' id='word_1_290' title='bbox 1944 1165 2068 1198; x_wconf 90' lang='lat' dir='ltr'>rece-</span> 
     </span>
     <span class='ocr_line' id='line_1_56' title="bbox 1212 1211 2070 1278; baseline 0.009 -24"><span class='ocrx_word' id='word_1_291' title='bbox 1212 1211 1281 1270; x_wconf 90' lang='lat' dir='ltr'>pit</span> <span class='ocrx_word' id='word_1_292' title='bbox 1301 1211 1572 1258; x_wconf 76' lang='lat' dir='ltr'>illamalitiae</span> <span class='ocrx_word' id='word_1_293' title='bbox 1582 1214 1799 1275; x_wconf 80' lang='lat' dir='ltr'>pretium,</span> <span class='ocrx_word' id='word_1_294' title='bbox 1810 1213 1945 1264; x_wconf 81' lang='lat' dir='ltr'>sed&amp;</span> <span class='ocrx_word' id='word_1_295' title='bbox 1961 1231 2070 1278; x_wconf 68' lang='lat' dir='ltr'>pre-1</span> 
     </span>
     <span class='ocr_line' id='line_1_57' title="bbox 1212 1277 2066 1337; baseline 0.007 -17"><span class='ocrx_word' id='word_1_296' title='bbox 1212 1277 1263 1320; x_wconf 90' lang='lat' dir='ltr'>tii</span> <span class='ocrx_word' id='word_1_297' title='bbox 1285 1279 1443 1337; x_wconf 81' lang='lat' dir='ltr'>recipit</span> <span class='ocrx_word' id='word_1_298' title='bbox 1490 1280 1745 1324; x_wconf 64' lang='lat' dir='ltr'>mantiam:</span> <span class='ocrx_word' id='word_1_299' title='bbox 1783 1294 1887 1326; x_wconf 77' lang='lat' dir='ltr'>nam</span> <span class='ocrx_word' id='word_1_300' title='bbox 1913 1278 2066 1327; x_wconf 58' lang='lat' dir='ltr'>mox‘a</span> 
     </span>
     <span class='ocr_line' id='line_1_58' title="bbox 1209 1341 2064 1405; baseline 0.008 -21"><span class='ocrx_word' id='word_1_301' title='bbox 1209 1341 1435 1388; x_wconf 82' lang='lat' dir='ltr'>Daemone</span> <span class='ocrx_word' id='word_1_302' title='bbox 1461 1343 1506 1387; x_wconf 88' lang='lat' dir='ltr'>in</span> <span class='ocrx_word' id='word_1_303' title='bbox 1521 1357 1711 1403; x_wconf 70' lang='lat' dir='ltr'>poenam</span> <span class='ocrx_word' id='word_1_304' title='bbox 1721 1347 1852 1405; x_wconf 85' lang='lat' dir='ltr'>pretii</span> <span class='ocrx_word' id='word_1_305' title='bbox 1867 1343 2033 1391; x_wconf 68' lang='lat' dir='ltr'>obl&#39;ess&#39;a</span> <span class='ocrx_word' id='word_1_306' title='bbox 2045 1379 2064 1400; x_wconf 83' lang='lat'>‚</span> 
     </span>
     <span class='ocr_line' id='line_1_59' title="bbox 1209 1406 2066 1474; baseline 0.005 -24"><span class='ocrx_word' id='word_1_307' title='bbox 1209 1406 1750 1469; x_wconf 81' lang='lat' dir='ltr'>liberarinonpotuit,nifi</span> <span class='ocrx_word' id='word_1_308' title='bbox 1760 1408 2066 1474; x_wconf 61' lang='lat' dir='ltr'>cantatfipzili-</span> 
     </span>
     <span class='ocr_line' id='line_1_60' title="bbox 1207 1470 2062 1537; baseline 0.006 -22"><span class='ocrx_word' id='word_1_309' title='bbox 1207 1470 1415 1526; x_wconf 66' lang='lat' dir='ltr'>nodifi‚&amp;</span> <span class='ocrx_word' id='word_1_310' title='bbox 1432 1473 1618 1534; x_wconf 88' lang='lat' dir='ltr'>qu1dem</span> <span class='ocrx_word' id='word_1_311' title='bbox 1631 1471 1862 1520; x_wconf 66' lang='lat' dir='ltr'>Exorcistfi</span> <span class='ocrx_word' id='word_1_312' title='bbox 1880 1475 2062 1537; x_wconf 80' lang='lat' dir='ltr'>Grego-</span> 
     </span>
     <span class='ocr_line' id='line_1_61' title="bbox 1206 1536 2064 1602; baseline 0.005 -21"><span class='ocrx_word' id='word_1_313' title='bbox 1206 1537 1290 1591; x_wconf 87' lang='lat' dir='ltr'>rio,</span> <span class='ocrx_word' id='word_1_314' title='bbox 1314 1539 1393 1598; x_wconf 90' lang='lat' dir='ltr'>qui</span> <span class='ocrx_word' id='word_1_315' title='bbox 1414 1540 1458 1582; x_wconf 87' lang='lat' dir='ltr'>in</span> <span class='ocrx_word' id='word_1_316' title='bbox 1475 1552 1570 1583; x_wconf 90' lang='lat' dir='ltr'>uno</span> <span class='ocrx_word' id='word_1_317' title='bbox 1580 1540 1802 1596; x_wconf 80' lang='lat' dir='ltr'>miraculo</span> <span class='ocrx_word' id='word_1_318' title='bbox 1812 1536 1854 1586; x_wconf 90' lang='lat' dir='ltr'>se</span> <span class='ocrx_word' id='word_1_319' title='bbox 1863 1539 2064 1602; x_wconf 49' lang='lat' dir='ltr'>demon&lt;</span> 
     </span>
     <span class='ocr_line' id='line_1_62' title="bbox 1206 1598 2058 1664; baseline 0.006 -18"><span class='ocrx_word' id='word_1_320' title='bbox 1206 1598 1365 1647; x_wconf 69' lang='lat' dir='ltr'>stravit</span> <span class='ocrx_word' id='word_1_321' title='bbox 1433 1604 1739 1664; x_wconf 81' lang='lat' dir='ltr'>multiplicem</span> <span class='ocrx_word' id='word_1_322' title='bbox 1821 1605 2058 1652; x_wconf 77' lang='lat' dir='ltr'>Thavma-</span> 
     </span>
     <span class='ocr_line' id='line_1_63' title="bbox 1207 1665 2068 1731; baseline 0.003 -21"><span class='ocrx_word' id='word_1_323' title='bbox 1207 1678 1419 1728; x_wconf 84' lang='lat' dir='ltr'>turgum,</span> <span class='ocrx_word' id='word_1_324' title='bbox 1457 1670 1566 1730; x_wconf 87' lang='lat' dir='ltr'>quia</span> <span class='ocrx_word' id='word_1_325' title='bbox 1597 1683 1766 1731; x_wconf 88' lang='lat' dir='ltr'>nempe</span> <span class='ocrx_word' id='word_1_326' title='bbox 1781 1665 2068 1731; x_wconf 82' lang='lat' dir='ltr'>superiorem.</span> 
     </span>
     <span class='ocr_line' id='line_1_64' title="bbox 1202 1731 2066 1796; baseline 0.01 -21"><span class='ocrx_word' id='word_1_327' title='bbox 1202 1731 1391 1778; x_wconf 57' lang='lat' dir='ltr'>infamis}</span> <span class='ocrx_word' id='word_1_328' title='bbox 1411 1769 1424 1788; x_wconf 88' lang='lat'>‚</span> <span class='ocrx_word' id='word_1_329' title='bbox 1444 1733 1530 1779; x_wconf 86' lang='lat' dir='ltr'>otii</span> <span class='ocrx_word' id='word_1_330' title='bbox 1549 1745 1938 1796; x_wconf 74' lang='lat' dir='ltr'>expugnatorem,</span> <span class='ocrx_word' id='word_1_331' title='bbox 1968 1734 2066 1785; x_wconf 74' lang='lat' dir='ltr'>do-.</span> 
     </span>
     <span class='ocr_line' id='line_1_65' title="bbox 1200 1797 2055 1861; baseline 0.005 -20"><span class='ocrx_word' id='word_1_332' title='bbox 1200 1799 1417 1842; x_wconf 67' lang='lat' dir='ltr'>mirorem</span> <span class='ocrx_word' id='word_1_333' title='bbox 1429 1797 1657 1854; x_wconf 76' lang='lat' dir='ltr'>daemonii,</span> <span class='ocrx_word' id='word_1_334' title='bbox 1671 1803 1720 1848; x_wconf 86' lang='lat'>&amp;</span> <span class='ocrx_word' id='word_1_335' title='bbox 1753 1801 1882 1861; x_wconf 85' lang='lat' dir='ltr'>quod</span> <span class='ocrx_word' id='word_1_336' title='bbox 1900 1802 2055 1847; x_wconf 87' lang='lat' dir='ltr'>omni-</span> 
     </span>
     <span class='ocr_line' id='line_1_66' title="bbox 1198 1861 2050 1921; baseline 0.007 -15"><span class='ocrx_word' id='word_1_337' title='bbox 1198 1876 1277 1907; x_wconf 87' lang='lat' dir='ltr'>um</span> <span class='ocrx_word' id='word_1_338' title='bbox 1290 1865 1547 1910; x_wconf 84' lang='lat' dir='ltr'>maximum</span> <span class='ocrx_word' id='word_1_339' title='bbox 1558 1901 1571 1919; x_wconf 88' lang='lat'>‚</span> <span class='ocrx_word' id='word_1_340' title='bbox 1595 1861 1819 1912; x_wconf 48' lang='lat' dir='ltr'>victorem</span> <span class='ocrx_word' id='word_1_341' title='bbox 1829 1867 2050 1921; x_wconf 82' lang='lat' dir='ltr'>mulieris.</span> 
     </span>
     <span class='ocr_line' id='line_1_67' title="bbox 1198 1925 2062 1994; baseline 0.008 -22"><span class='ocrx_word' id='word_1_342' title='bbox 1198 1925 1428 1974; x_wconf 75' lang='lat' dir='ltr'>daemonio</span> <span class='ocrx_word' id='word_1_343' title='bbox 1437 1930 1608 1994; x_wconf 83' lang='lat' dir='ltr'>pejoris</span> <span class='ocrx_word' id='word_1_344' title='bbox 1628 1966 1640 1986; x_wconf 93' lang='lat'>‚</span> <span class='ocrx_word' id='word_1_345' title='bbox 1671 1931 1779 1992; x_wconf 87' lang='lat' dir='ltr'>quia</span> <span class='ocrx_word' id='word_1_346' title='bbox 1804 1928 1975 1978; x_wconf 84' lang='lat' dir='ltr'>lascivae</span> <span class='ocrx_word' id='word_1_347' title='bbox 1994 1929 2062 1978; x_wconf 85' lang='lat' dir='ltr'>fi·-</span> 
     </span>
     <span class='ocr_line' id='line_1_68' title="bbox 1197 1995 1762 2042; baseline 0.007 -4"><span class='ocrx_word' id='word_1_348' title='bbox 1197 1995 1296 2038; x_wconf 89' lang='lat' dir='ltr'>mul</span> <span class='ocrx_word' id='word_1_349' title='bbox 1326 1995 1376 2041; x_wconf 67' lang='grc' dir='ltr'>δε</span> <span class='ocrx_word' id='word_1_350' title='bbox 1394 1996 1762 2042; x_wconf 85' lang='lat' dir='ltr'>calumniatricis.</span> 
     </span>
    </p>

    <p class='ocr_par' dir='ltr' id='par_1_9' title="bbox 1186 2059 2058 2712">
     <span class='ocr_line' id='line_1_69' title="bbox 1303 2059 2047 2116; baseline 0.003 -12"><span class='ocrx_word' id='word_1_351' title='bbox 1303 2059 1528 2108; x_wconf 78' lang='lat' dir='ltr'><strong>LEUC:</strong></span> <span class='ocrx_word' id='word_1_352' title='bbox 1566 2059 1670 2107; x_wconf 78' lang='lat' dir='ltr'>Imo</span> <span class='ocrx_word' id='word_1_353' title='bbox 1690 2096 1704 2116; x_wconf 87' lang='lat'>‚</span> <span class='ocrx_word' id='word_1_354' title='bbox 1739 2059 1817 2108; x_wconf 79' lang='lat' dir='ltr'>nisi</span> <span class='ocrx_word' id='word_1_355' title='bbox 1838 2073 1941 2107; x_wconf 84' lang='lat' dir='ltr'>tuus</span> <span class='ocrx_word' id='word_1_356' title='bbox 1971 2075 2047 2106; x_wconf 77' lang='lat' dir='ltr'>me</span> 
     </span>
     <span class='ocr_line' id='line_1_70' title="bbox 1195 2122 2048 2188; baseline 0.001 -19"><span class='ocrx_word' id='word_1_357' title='bbox 1195 2122 1329 2170; x_wconf 77' lang='lat' dir='ltr'>fallat</span> <span class='ocrx_word' id='word_1_358' title='bbox 1350 2123 1591 2182; x_wconf 82' lang='lat' dir='ltr'>discursus,</span> <span class='ocrx_word' id='word_1_359' title='bbox 1626 2126 1685 2171; x_wconf 88' lang='lat' dir='ltr'>de</span> <span class='ocrx_word' id='word_1_360' title='bbox 1720 2126 2048 2188; x_wconf 79' lang='lat' dir='ltr'>thavmaturgo</span> 
     </span>
     <span class='ocr_line' id='line_1_71' title="bbox 1196 2186 2042 2253; baseline 0.002 -19"><span class='ocrx_word' id='word_1_361' title='bbox 1196 2186 1338 2235; x_wconf 86' lang='lat' dir='ltr'>isthoc</span> <span class='ocrx_word' id='word_1_362' title='bbox 1356 2187 1632 2253; x_wconf 82' lang='lat' dir='ltr'>Philosopho</span> <span class='ocrx_word' id='word_1_363' title='bbox 1643 2190 1689 2237; x_wconf 83' lang='lat' dir='ltr'>id</span> <span class='ocrx_word' id='word_1_364' title='bbox 1707 2192 1805 2252; x_wconf 85' lang='lat' dir='ltr'>jure</span> <span class='ocrx_word' id='word_1_365' title='bbox 1821 2190 2014 2237; x_wconf 83' lang='lat' dir='ltr'>dixerim</span> <span class='ocrx_word' id='word_1_366' title='bbox 2027 2227 2042 2246; x_wconf 82' lang='lat'>‚</span> 
     </span>
     <span class='ocr_line' id='line_1_72' title="bbox 1192 2254 2044 2316; baseline 0.006 -17"><span class='ocrx_word' id='word_1_367' title='bbox 1192 2254 1321 2316; x_wconf 90' lang='lat' dir='ltr'>quod</span> <span class='ocrx_word' id='word_1_368' title='bbox 1340 2254 1636 2303; x_wconf 75' lang='lat' dir='ltr'>deMalachia</span> <span class='ocrx_word' id='word_1_369' title='bbox 1658 2256 1934 2303; x_wconf 76' lang='lat' dir='ltr'>Mellifluus:</span> <span class='ocrx_word' id='word_1_370' title='bbox 1975 2259 2044 2304; x_wconf 86' lang='lat' dir='ltr'>in·-</span> 
     </span>
     <span class='ocr_line' id='line_1_73' title="bbox 1192 2321 2038 2377; baseline 0.001 -11"><span class='ocrx_word' id='word_1_371' title='bbox 1192 2332 1367 2376; x_wconf 74' lang='lat' dir='ltr'>terret,</span> <span class='ocrx_word' id='word_1_372' title='bbox 1387 2324 1439 2369; x_wconf 69' lang='grc' dir='ltr'>ὃ(</span> <span class='ocrx_word' id='word_1_373' title='bbox 1464 2334 1589 2368; x_wconf 83' lang='lat' dir='ltr'>tanta</span> <span class='ocrx_word' id='word_1_374' title='bbox 1599 2321 1820 2369; x_wconf 86' lang='lat' dir='ltr'>Miracula</span> <span class='ocrx_word' id='word_1_375' title='bbox 1839 2358 1851 2377; x_wconf 89' lang='lat'>‚</span> <span class='ocrx_word' id='word_1_376' title='bbox 1888 2323 2038 2369; x_wconf 86' lang='lat' dir='ltr'>maxi-</span> 
     </span>
     <span class='ocr_line' id='line_1_74' title="bbox 1189 2386 2037 2449; baseline 0.004 -19"><span class='ocrx_word' id='word_1_377' title='bbox 1189 2399 1321 2431; x_wconf 88' lang='lat' dir='ltr'>mum</span> <span class='ocrx_word' id='word_1_378' title='bbox 1354 2387 1655 2442; x_wconf 83' lang='lat' dir='ltr'>Miraculum,</span> <span class='ocrx_word' id='word_1_379' title='bbox 1691 2386 1817 2449; x_wconf 89' lang='lat' dir='ltr'>quod</span> <span class='ocrx_word' id='word_1_380' title='bbox 1845 2387 1979 2443; x_wconf 85' lang='lat' dir='ltr'>fecit,</span> <span class='ocrx_word' id='word_1_381' title='bbox 2000 2390 2037 2433; x_wconf 88' lang='lat' dir='ltr'>i-</span> 
     </span>
     <span class='ocr_line' id='line_1_75' title="bbox 1188 2448 2037 2516; baseline 0.002 -20"><span class='ocrx_word' id='word_1_382' title='bbox 1188 2448 1264 2514; x_wconf 61' lang='lat' dir='ltr'>pfie</span> <span class='ocrx_word' id='word_1_383' title='bbox 1284 2451 1388 2497; x_wconf 82' lang='lat' dir='ltr'>fuit.</span> <span class='ocrx_word' id='word_1_384' title='bbox 1464 2452 1656 2498; x_wconf 83' lang='lat' dir='ltr'>Utinam</span> <span class='ocrx_word' id='word_1_385' title='bbox 1676 2453 1721 2498; x_wconf 87' lang='lat' dir='ltr'>in</span> <span class='ocrx_word' id='word_1_386' title='bbox 1742 2466 1817 2498; x_wconf 89' lang='lat' dir='ltr'>me</span> <span class='ocrx_word' id='word_1_387' title='bbox 1845 2467 2037 2516; x_wconf 83' lang='lat' dir='ltr'>quoque</span> 
     </span>
     <span class='ocr_line' id='line_1_76' title="bbox 1191 2513 2058 2579; baseline 0 -18"><span class='ocrx_word' id='word_1_388' title='bbox 1191 2513 1394 2563; x_wconf 83' lang='lat' dir='ltr'>exereret</span> <span class='ocrx_word' id='word_1_389' title='bbox 1414 2519 1509 2562; x_wconf 89' lang='lat' dir='ltr'>vim</span> <span class='ocrx_word' id='word_1_390' title='bbox 1522 2518 1916 2579; x_wconf 77' lang='lat' dir='ltr'>thavmaturgam,</span> <span class='ocrx_word' id='word_1_391' title='bbox 1946 2530 1997 2565; x_wconf 88' lang='lat' dir='ltr'>ut</span> <span class='ocrx_word' id='word_1_392' title='bbox 2019 2555 2034 2574; x_wconf 88' lang='lat'>,</span> <span class='ocrx_word' id='word_1_393' title='bbox 2055 2554 2058 2561; x_wconf 88' lang='grc'>.</span> 
     </span>
     <span class='ocr_line' id='line_1_77' title="bbox 1189 2582 2035 2644; baseline 0.004 -18"><span class='ocrx_word' id='word_1_394' title='bbox 1189 2583 1428 2628; x_wconf 79' lang='lat' dir='ltr'>eliminato</span> <span class='ocrx_word' id='word_1_395' title='bbox 1460 2582 1585 2637; x_wconf 90' lang='lat' dir='ltr'>oti0,</span> <span class='ocrx_word' id='word_1_396' title='bbox 1619 2585 1669 2631; x_wconf 61' lang='grc' dir='ltr'>ὃς</span> <span class='ocrx_word' id='word_1_397' title='bbox 1696 2597 1808 2644; x_wconf 81' lang='lat' dir='ltr'>ego,</span> <span class='ocrx_word' id='word_1_398' title='bbox 1840 2585 1893 2633; x_wconf 88' lang='lat'>&amp;</span> <span class='ocrx_word' id='word_1_399' title='bbox 1917 2583 2035 2630; x_wconf 82' lang='lat' dir='ltr'>mihi</span> 
     </span>
     <span class='ocr_line' id='line_1_78' title="bbox 1186 2645 2033 2712; baseline 0 -20"><span class='ocrx_word' id='word_1_400' title='bbox 1186 2646 1352 2697; x_wconf 76' lang='lat' dir='ltr'>similes</span> <span class='ocrx_word' id='word_1_401' title='bbox 1372 2646 1536 2712; x_wconf 82' lang='lat' dir='ltr'>Sophi‚</span> <span class='ocrx_word' id='word_1_402' title='bbox 1571 2645 1708 2700; x_wconf 71' lang='lat' dir='ltr'>essent</span> <span class='ocrx_word' id='word_1_403' title='bbox 1729 2647 1913 2695; x_wconf 79' lang='lat' dir='ltr'>tandem</span> <span class='ocrx_word' id='word_1_404' title='bbox 1929 2648 2033 2695; x_wconf 84' lang='lat' dir='ltr'>Phi-</span> 
     </span>
    </p>

    <p class='ocr_par' dir='ltr' id='par_1_10' title="bbox 1826 2709 2033 2777">
     <span class='ocr_line' id='line_1_79' title="bbox 1826 2709 2033 2777; baseline -0.019 -14"><span class='ocrx_word' id='word_1_405' title='bbox 1826 2709 2033 2777; x_wconf 78' lang='lat' dir='ltr'>losophi,</span> 
     </span>
    </p>
   </div>
   <div class='ocr_carea' id='block_1_9' title="bbox 2234 0 2294 2933">
    <p class='ocr_par' dir='ltr' id='par_1_11' title="bbox 2234 0 2294 2933">
     <span class='ocr_line' id='line_1_80' title="bbox 2234 0 2294 2933; baseline 0 0"><span class='ocrx_word' id='word_1_406' title='bbox 2234 0 2294 2933; x_wconf 95' lang='lat' dir='ltr'> </span> 
     </span>
    </p>
   </div>
  </div>
 </body>
</html>
