2294 2933
67 714 119 756 L.
159 726 202 754 2.

66 777 114 819 de
140 788 228 818 nat.

98 845 206 884 Deo..

308 94 371 140 24

305 187 541 241 clarissime
569 191 613 238 id
647 190 900 238 extricabis.
973 193 1149 236 „MEL

304 260 411 304 Dixi
439 253 799 303 obscuriffimum
825 252 921 307 est,
955 250 1066 312 qual
1100 249 1151 296 sit

303 323 485 369 DEUS
509 357 521 376 ‚
568 317 886 372 clariffimum,
930 313 1062 377 quod
1099 311 1149 359 sit

302 388 461 432 DEUS
487 402 495 429 :
533 400 666 439 nam,
696 396 799 429 utut
831 377 961 442 spiffae
986 377 1150 425 Genti-

300 452 442 497 litatis
458 450 636 496 fuerant
652 449 866 500 tenebrae,
892 456 1045 490 tamen
1060 442 1150 488 cla-

299 518 483 561 ritatem
500 516 700 559 veritatis
722 511 884 570 huius,
916 505 1151 554 obscurare

302 595 394 624 non
417 589 650 639 poterant:
689 577 859 636 quippe
871 569 1150 633 Philosopho

299 659 393 689 non
406 640 525 703 posse
539 658 632 687 non
645 639 729 686 esse
750 640 881 701 cogni
891 652 988 684 tum
1003 634 1151 698 supre-

303 722 431 752 mum
462 709 673 760 Numen,
704 702 838 751 fassus
874 701 937 749 est
961 740 974 758 ,
1011 703 1152 748 etiam

303 772 519 818 Ethnicus
543 772 735 819 Cicero:
777 768 917 831 quid,
953 768 1102 829 inquit
1138 803 1150 821 ‚

303 833 388 882 effe
397 833 548 898 potest
563 849 658 883 tam
673 846 904 896 apertum,
931 831 1041 894 quid
1059 844 1152 877 tam

302 900 606 964 perspicuum,
634 898 739 947 cum
763 900 955 947 Caelum
976 894 1153 958 suspici-

300 982 426 1021 mus,
443 969 492 1014 &
521 963 740 1014 Coelestia
762 963 1151 1025 contemplamur,

299 1031 439 1094 quam
469 1027 554 1076 effe
589 1029 779 1092 aliquod
812 1031 998 1075 Numen
1042 1042 1152 1088 prae-

298 1092 573 1143 stantiffimae
595 1095 767 1142 Mentis
783 1131 795 1150 ‚
835 1109 930 1155 quo
953 1094 1043 1140 haec
1083 1107 1152 1138 re-

299 1163 492 1224 gantur?
519 1161 709 1223 agnovit
731 1161 897 1207 Seneca
910 1157 1022 1205 dum
1042 1159 1107 1204 ait
1140 1173 1150 1204 ε

63 1251 129 1297 de*
147 1226 414 1300 Renes-quid
435 1227 557 1273 enim
583 1224 646 1271 est
681 1239 842 1271 natura
875 1224 899 1282 <
922 1225 1152 1270 Naturam

123 1296 130 1313 ’
251 1302 263 1312 ‘
307 1291 469 1341 scilicet
489 1296 511 1353 >
528 1306 668 1352 quam
687 1291 873 1344 DRUS,
915 1290 964 1337 &
998 1287 1154 1335 divina

68 1762 108 1802 in
139 1772 261 1818 proce—

67 1826 142 1866 mio
175 1826 231 1867 le-

61 1902 173 1947 gum.

306 1359 422 1404 ratio
435 1370 520 1403 toti
535 1355 726 1410 mundo,
738 1349 1040 1416 partibusque
1055 1356 1152 1416 ejus

305 1420 494 1469 inserta?
511 1418 801 1468 confirmavit
813 1420 900 1465 hoc
913 1421 1126 1481 Stagirita
1138 1456 1150 1473 ‚

302 1487 413 1534 dum
436 1487 588 1533 dixit:
633 1484 765 1548 quod
806 1486 850 1530 in
881 1485 1053 1530 triremi
1089 1482 1154 1531 est

301 1553 614 1606 Gubernator,
635 1549 762 1612 quod
788 1546 958 1597 Rerstor
983 1552 1028 1595 in
1052 1565 1151 1595 cur-

299 1634 375 1673 ru,
401 1620 509 1664 Dux
531 1618 577 1662 in
599 1617 744 1670 Urbe,
759 1617 803 1661 in
824 1616 1036 1661 Exercitu
1059 1618 1150 1661 Im-

301 1695 505 1744 perator,
527 1681 615 1728 hoc
637 1680 870 1726 inmundo
890 1677 954 1726 est
974 1681 1147 1728 DEUS.

300 1749 407 1809 Jure
449 1749 586 1808 igitur
621 1747 842 1793 Zaleucus
881 1742 1152 1791 Locrensem

306 1814 459 1867 illum,
483 1812 606 1858 Urbe
646 1809 893 1873 proscripsit
924 1813 973 1858 δί
998 1811 1150 1866 Orbe,

304 1879 383 1940 qui
414 1878 604 1925 Coelum
628 1873 886 1937 terramque
916 1872 1149 1936 aspiceret,

302 1945 352 1991 ὃς
367 1955 520 1988 tamen
534 1953 605 1988 tot
630 1942 774 1987 oculis
795 1978 806 1996 ‚
856 1942 982 1988 Coeli
1004 1954 1151 1988 terrae-

303 2005 393 2070 que
417 2007 692 2062 Dominum,
706 2021 799 2052 non
813 2005 1002 2052 videret.

410 2136 592 2183 LEUC.
650 2133 894 2200 Quidquid
926 2133 977 2181 sit
997 2172 1009 2190 ‚
1048 2130 1147 2182 sunt

301 2198 578 2254 hodiedum,
601 2202 680 2261 qui
703 2203 889 2246 oculato
913 2201 956 2245 in
977 2197 1147 2262 syrma-

305 2277 371 2319 te,
398 2266 525 2310 velut
539 2270 702 2326 Argos,
720 2263 760 2311 se
770 2262 1144 2327 circumspiciunt,

303 2331 353 2377 &
372 2340 524 2375 tamen
545 2327 600 2375 ad
614 2331 727 2375 hanc
745 2330 893 2375 lucem
909 2332 1146 2377 caecutiunt

303 2395 459 2455 talpae‚
496 2409 544 2440 ac
574 2395 620 2441 in
654 2394 842 2440 meridie
875 2393 999 2440 diem
1026 2410 1147 2457 qua>-

303 2472 421 2504 runt.
511 2465 627 2506 „ME
640 2464 692 2506 L.
707 2461 822 2506 Sunt
854 2457 940 2519 prs)
968 2458 1103 2506 dolor
1135 2456 1146 2506 l

305 2538 423 2584 quos
437 2535 588 2568 tamen
599 2525 807 2569 homines
820 2522 1008 2568 minime
1020 2523 1147 2570 dixe-

301 2590 362 2633 ris
377 2624 389 2641 ‚
404 2584 476 2632 sed
486 2587 728 2634 hominum
747 2586 967 2641 monstra,
990 2588 1148 2635 mundi

305 2653 469 2717 probra
492 2687 505 2708 ,
538 2651 791 2713 nauseantis
809 2665 977 2702 naturae
991 2655 1149 2701 ,vomi-

965 73 1118 135 Sphinx
1154 70 1386 129 Clariffima.

1209 198 1310 240 tus,
1348 179 1598 248 Stygisque
1629 181 1800 248 spurios
1835 186 2055 247 abortus:

1209 247 1309 296 sunt
1323 250 1614 297 Marhiavelli
1634 252 1911 298 contribules
1923 289 1934 306 ‚
1951 253 2057 314 Epi-

1207 316 1300 359 curi
1313 314 1370 360 de
1389 317 1496 360 hara
1509 316 1674 374 Satyri,
1694 317 1844 362 Athei.
1884 317 2058 378 Tripli-

1207 381 1268 424 cis
1280 380 1455 440 generis
1467 376 1667 426 monstra
1680 418 1692 435 ‚
1714 382 1841 427 velut
1857 382 2057 428 totidem

1207 444 1362 498 furias,
1377 445 1419 488 in
1441 442 1663 490 mundum
1686 481 1698 500 ,
1726 457 1882 492 contra
1897 446 2057 493 mundi

1206 508 1463 556 Authorem
1481 544 1493 562 ,
1516 507 1685 554 trifaux
1712 512 1921 558 evomuit
1945 513 2057 559 Cer-

1208 576 1339 619 berus
1367 589 1377 618 :
1425 574 1625 634 primum
1665 574 1709 618 in
1744 578 2006 622 Nembroto
2040 612 2056 631 ,

1208 641 1417 697 Polytheos
1436 656 1447 684 .·
1485 634 1558 683 sed
1578 638 1654 684 ubi
1674 637 1787 685 hanc
1809 640 2018 702 Hydram
2031 640 2056 687 ἐι

1209 701 1392 750 Christo
1415 701 1691 749 debellatam
1716 702 2006 766 conspexerat
2042 741 2056 760 ,

1209 783 1320 814 mox
1336 767 1480 814 emisit
1501 768 1715 824 alteram,
1736 770 1890 830 primae
1907 783 2059 832 oppo-

1207 832 1360 888 sitam,
1381 836 1542 881 Atheos
1564 851 1690 889 voce,
1705 834 1774 880 his
1790 831 1928 890 verb,
1948 834 2059 882 cum

1209 895 1299 960 ipsa
1308 910 1469 944 natura
1481 934 1495 952 ‚
1514 913 1675 944 vocem
1693 900 1880 960 impiam
1895 937 1907 954 ‚
1919 897 2059 945 stram

1208 964 1413 1025 gularet‚
1447 961 1799 1010 medioxumam
1819 962 1963 1010 enisus
1994 961 2059 1010 est

1208 1026 1406 1090 pestem,
1435 1029 1651 1074 omnibus
1672 1027 1885 1075 monstris
1910 1025 2057 1091 magis

1208 1088 1512 1139 monstrosam
1534 1129 1548 1147 ,
1579 1095 1823 1154 Christianos
1855 1098 2011 1141 nomine
2042 1110 2055 1139 .·

1209 1161 1417 1217 Polytheos
1462 1173 1573 1220 opere
1598 1188 1615 1214 ‚
1674 1156 1821 1205 reverti
1851 1162 2011 1215 Atheo(
2035 1188 2054 1214 ,

1209 1223 1267 1270 de
1287 1223 1452 1284 quibus
1467 1221 1645 1284 pridem
1655 1237 1749 1268 non
1770 1222 1860 1270 fine
1878 1224 2057 1284 gemitu
2186 1277 2189 1279 ,
2270 1233 2294 1277 ‚1

1210 1289 1488 1335 Damianus:
1511 1290 1607 1348 quid
1614 1289 1786 1349 prodest,
1797 1290 1830 1343 fi
1837 1293 1924 1348 quis
1940 1292 2056 1335 Chri·
2102 1337 2104 1340 ,

1195 1351 1334 1416 stim?
1342 1357 1482 1400 credat
1490 1383 1508 1410 ‚
1537 1355 1800 1415 &gentiliter
1811 1357 1943 1401 vivat
1952 1360 1972 1399 ,2

1272 1483 1312 1529 L
1325 1483 1360 1529 E
1370 1484 1416 1530 U
1430 1484 1486 1531 C.
1518 1477 1719 1529 Nullane
1732 1478 1945 1545 supersint
1957 1483 2062 1531 Phi-

1207 1545 1404 1610 losopho
1427 1549 1517 1594 tela
1537 1584 1550 1602 ,
1588 1548 1754 1609 quibus
1774 1547 1974 1596 debellet
2011 1564 2059 1596 e-

1201 1612 1408 1676 jusmodi
1429 1614 1633 1660 Lernaeas
1652 1610 1799 1674 pestes
1818 1614 1833 1659 ?
1877 1622 1952 1665 M
1956 1619 2053 1662 EL.

1205 1675 1451 1740 Supersunt
1471 1679 1649 1739 utique.
1713 1679 1882 1725 Praebet
1898 1679 2053 1726 Philo-

1208 1741 1362 1806 sophia
1375 1755 1470 1790 tam
1484 1744 1631 1789 multa
1645 1743 1695 1790 &
1705 1739 1900 1790 efficacia
1913 1781 1924 1798 ‚
1945 1759 2056 1791 con-

1208 1822 1275 1855 tra
1287 1810 1489 1856 Atheum
1510 1809 1731 1869 imprimis
1747 1845 1758 1862 ,
1784 1808 1925 1855 utnili
1948 1823 2055 1855 cum

1205 1877 1341 1921 Batto
1363 1876 1408 1919 in
1430 1872 1632 1936 lapidem
1657 1873 1931 1934 obriguerit,
1956 1888 2055 1919 ma-

1205 1937 1368 1989 nifesta
1384 1941 1562 1985 ratione
1573 1933 1810 1984 conviehls
1822 1975 1834 1993 ‚
1848 1954 1940 1984 non
1952 1933 2055 1998 pos-

1206 2003 1257 2051 sit
1285 2019 1379 2050 non
1411 2004 1597 2050 herbam
1629 2018 1848 2064 porgere:
1883 1999 1955 2048 sed
1979 2003 2054 2063 ly-

1212 2084 1310 2116 ram
1333 2068 1512 2117 Arcadii
1543 2066 1716 2131 pulsas,
1744 2059 1952 2129 caecoque
1973 2083 2054 2114 ne-

1213 2134 1470 2197 quidquam
1491 2135 1647 2194 objicis
1667 2132 1849 2177 coloris.
1932 2133 2055 2178 Leu-

1210 2200 1374 2246 cothee
1393 2235 1406 2254 ,
1440 2196 1683 2244 difficulter
1711 2196 1887 2243 ratione
1905 2196 2057 2243 decer-

1210 2276 1331 2311 tatur
1344 2260 1448 2310 curn
1465 2262 1617 2310 Atheo
1640 2298 1652 2317 ‚
1684 2263 1763 2322 qui
1777 2263 1997 2308 rationem
2014 2260 2056 2309 se

1209 2325 1376 2389 exuisse
1396 2343 1491 2373 non
1508 2323 1750 2389 profitetur
1761 2323 1909 2372 modo
1929 2363 1941 2381 ‚
1979 2324 2052 2373 sed

1202 2394 1339 2440 etiam
1357 2392 1593 2454 gloriatur.
1639 2397 1737 2452 Age
1750 2389 1965 2445 ficlubet‚
2000 2394 2051 2441 &

1203 2474 1306 2504 cum
1319 2457 1540 2504 Gentium
1552 2451 1758 2501 Dmstooe
1784 2457 2049 2516 testimonium
2061 2490 2148 2536 Aa

1205 2524 1367 2570 exhibe
1391 2520 1419 2567 si
1441 2536 1533 2566 non
1551 2519 1608 2565 de
1620 2519 1767 2567 Coelis
1782 2556 1794 2574 ‚
1821 2522 1866 2566 in
1890 2523 2049 2568 unani-
2150 2504 2209 2533 ον’

1206 2589 1268 2633 mi
1290 2585 1446 2633 saltem
1475 2585 1710 2640 omnium,
1749 2586 1828 2646 qui
1848 2583 2050 2633 amundi

1203 2650 1485 2702 incunabulis
1507 2651 1713 2698 vixerant
1736 2684 1751 2708 ‚
1781 2650 2052 2763 mortalia?

1944 2728 1999 2762 Cn
2019 2729 2050 2763 u

2068 2560 2285 2601 14.v.16.
