2294 2933
859 66 1063 126 Speculum
1086 63 1301 124 Phyficum.

211 182 267 231 ad
302 177 506 227 veritatis
547 177 931 242 phyfiognomicae
963 182 1058 243 api-

210 262 308 294 cem
337 262 420 290 nos
451 244 682 306 perducat.

269 311 310 355 L
334 311 368 355 E
390 310 435 355 U
460 310 514 356 C.
587 311 644 355 Et
683 308 891 371 quaenam
926 308 1004 355 illa
1039 309 1055 355 ?

207 380 369 425 MEL.
427 375 462 420 E
491 372 829 429 fundamentis,
866 389 964 435 quae
982 375 1057 420 fu-

204 437 293 486 fius
323 476 334 493 ,
384 440 435 485 &
464 436 552 484 sine
577 454 773 484 numero
802 448 1054 499 congerunt

204 504 437 552 Authores
472 538 485 557 ,
537 499 769 549 [6168110111
794 505 842 551 &
867 500 1055 563 quidem

205 564 403 615 strictius
426 581 519 612 non
534 579 627 614 tam
651 568 844 614 referam
866 603 878 621 ,
917 564 1056 627 quam

208 633 431 693 attingam
449 668 462 686 ,
498 646 555 677 ne
571 632 889 678 amoenitatem
909 642 1055 675 mate-

208 699 282 744 1136
293 708 552 757 corrumpat
576 697 799 757 prolixior
822 691 1052 753 discursus,

148 769 152 771 ’
207 762 482 823 Principium
502 763 703 822 primum
724 797 737 816 ,
798 775 895 821 quo
914 758 1059 805 veluti

209 822 392 887 speculo
423 837 839 886 temperamentum
863 861 876 880 ,
917 824 968 872 &
991 827 1061 868 111-

210 891 369 937 dolem
395 926 408 945 ,
458 904 611 937 mores
648 905 697 937 36
735 887 1059 951 propenfiones

213 952 448 1018 perspicias
475 990 488 1010 ,
521 953 631 1001 dant
655 960 869 1002 Parentes.
939 953 1060 1022 Qis

214 1022 338 1066 enim
359 1032 452 1066 tam
475 1035 633 1066 vecors
654 1057 667 1076 ‚
705 1032 800 1066 13111
821 1018 911 1066 fine
932 1033 1062 1063 men-

214 1096 261 1131 te
277 1086 407 1139 vivit‚
433 1096 485 1130 ut
496 1099 588 1130 non
602 1085 847 1146 intelligat,
872 1082 1064 1129 eandem

212 1150 488 1211 plerumque
501 1151 702 1210 corporis
721 1148 925 1195 indolem
938 1184 950 1202 ,
984 1161 1064 1191 ve-

217 1214 307 1261 luti
319 1213 645 1260 haereditariam
658 1213 818 1260 dotem
830 1250 843 1269 ,
863 1211 887 1258 a
902 1216 1065 1259 Paren-

216 1280 338 1325 tibus
370 1279 416 1324 in
440 1275 562 1325 filios
600 1277 884 1325 transfundi:
926 1277 1066 1322 etiam

216 1343 352 1404 lippis
373 1341 663 1390 decantatum
684 1342 748 1390 est
770 1341 884 1389 illud
905 1357 918 1399 3
963 1338 1067 1401 qubd

217 1411 552 1469 nondegenerem
574 1438 591 1465 ,
637 1411 682 1458 &3
707 1411 898 1454 imbellem
912 1408 1068 1468 feroces

217 1476 358 1533 aquilae
397 1488 592 1533 generent
644 1475 859 1519 columbam
901 1489 913 1520 ς
963 1467 1069 1531 ᾳιιὸιί

219 1554 296 1584 non
309 1541 446 1599 procul
466 1535 490 1583 d
522 1541 676 1600 proprio
695 1540 834 1600 stipite
860 1553 976 1599 poma
1004 1552 1070 1580 ca-

221 1605 338 1649 dant.
458 1603 669 1648 Alterum
693 1603 889 1663 praebent
912 1602 1071 1647 Nutri-

222 1683 283 1713 ces
311 1696 328 1722 ,
394 1679 492 1727 quae
527 1666 615 1714 una
649 1682 753 1713 cum
785 1661 904 1713 13616
939 1662 1072 1712 facile

219 1729 439 1777 humores
462 1767 475 1785 ,
527 1730 775 1794 moresque
806 1729 907 1777 suos
930 1727 1073 1775 instil-

222 1795 351 1850 lant,
410 1792 715 1859 tenerumque
740 1796 882 1857 prolis
908 1808 1072 1856 corpus

220 1860 489 1907 immutant.
556 1862 764 1908 Perhibet
786 1857 998 1907 historica
1019 1854 1073 1903 fi-

223 1923 323 1979 des,
340 1924 460 1972 hunc
481 1923 506 1973 a
525 1922 682 1980 scrofa,
703 1920 1074 1972 1110011361310111

226 1987 255 2036 ὲ
295 2003 426 2050 capra
453 2025 466 2045 ,
524 1990 696 2037 infelici
730 1991 1038 2036 embammate
1062 2023 1076 2044 ,

230 2051 389 2113 suxisse
418 2069 571 2102 mores
601 2057 663 2101 ita
696 2054 941 2117 degeneres
961 2090 974 2110 ,
1025 2063 1078 2099 ut

225 2119 350 2181 prior
372 2120 417 2164 in
429 2119 532 2167 luto
545 2135 638 2166 non
651 2118 742 2166 fine
755 2120 926 2166 deliciis
940 2115 982 2165 se
992 2132 1078 2163 vo-

227 2185 397 2230 lutaret
420 2219 435 2239 ,
489 2184 602 2230 alter
633 2182 830 2231 saltatim
867 2181 1079 2229 inceden-

228 2246 637 2304 d0,etiamlubenS,
652 2250 831 2311 plantas
849 2258 1078 2295 attereret.

233 2311 321 2360 Sed
357 2314 407 2360 &
440 2315 620 2360 educatio
648 2345 665 2371 ‚
706 2315 909 2377 praecepta'
929 2344 946 2370 ,
997 2316 1082 2358 Pa-

232 2391 393 2424 rentum
421 2394 548 2423 mores
579 2409 596 2435 ‚
658 2382 986 2426 Moderatorum
1020 2380 1083 2422 in-

227 2441 393 2503 stitutio
435 2438 628 2502 persaepe
670 2439 904 2504 speculum
956 2441 1084 2487 exhi-

212 2505 343 2552 ‘bent
365 2540 378 2560 ,
411 2505 456 2550 in
471 2520 566 2567 quo
588 2503 711 2554 filios
733 2508 1080 2568 contempleris:

235 2583 343 2623 nain
355 2568 545 2615 eandem
558 2607 569 2623 ,
592 2571 664 2617 vel
677 2586 771 2617 non
787 2570 992 2618 multum
1006 2572 1084 2616 ab·

236 2631 429 2687 similem
453 2633 620 2694 agendi
633 2634 904 2681 methodum
927 2671 939 2689 ‚
974 2651 1085 2680 con-

238 2693 432 2748 suetudo
443 2694 525 2746 suae
536 2697 1086 2763 unplantaresoletNatu-

1864 77 1952 127 135
2009 79 2011 83 ’

1112 196 1168 227 1·ae
1195 217 1208 237 ‚
1260 182 1310 228 &
1333 195 1426 240 quo
1451 175 1785 237 semel-imbuta
1804 198 1957 230 recens

1113 243 1303 292 servabit
1319 244 1510 290 odorem
1527 244 1638 291 testa
1661 247 1738 292 diu
1758 285 1771 303 ,
1818 252 1961 294 Poeta

1113 307 1239 356 teste.
1277 308 1641 358 Fundamentum
1664 327 1852 373 quoque
1868 327 1962 358 non

1111 373 1345 420 modicum
1362 375 1648 436 explorandae
1671 376 1837 422 indolis
1852 376 1960 422 dant

1113 442 1231 485 Orbis
1246 443 1363 501 plage
1388 471 1405 496 ,
1446 441 1518 486 vel
1538 443 1729 497 climata,
1776 455 1877 502 quae
1900 440 1961 486 ob

1113 501 1315 565 diversos
1381 503 1574 550 1161610111
1641 503 1841 552 influxus
1900 505 1961 552 ob

1113 569 1225 613 aeris
1247 605 1259 622 ,
1295 583 1419 629 aquae
1435 605 1447 623 ,
1468 571 1517 617 &
1536 581 1660 616 terrae
1675 572 1960 625 varietatem,

1111 647 1266 678 mores
1291 669 1303 687 ,
1359 630 1775 698 propensionesque
1808 632 1964 682 homi-

1112 711 1225 742 num
1236 697 1501 743 mirabiliter
1522 701 1712 746 variant.
1767 701 1964 748 Comoe-

1113 759 1236 807 diam
1272 762 1528 808 naturalem
1555 799 1567 819 ‚
1619 764 1666 810 in
1699 764 1787 810 hoc
1826 765 1968 812 Orbis

1115 826 1296 871 theatro
1313 863 1325 880 ,
1364 823 1560 887 specstare
1575 839 1619 874 te
1637 828 1838 875 crederes
1853 866 1863 882 ,
1887 829 1967 874 ubi

1113 892 1290 938 Natura
1311 888 1401 952 ipsa
1421 888 1484 937 est
1499 893 1760 939 archimima
1776 931 1787 947 ,
1821 890 1965 940 Aeto-

1115 971 1186 1002 res
1198 955 1427 1010 homines,
1450 958 1657 1017 ejusdem
1670 958 1860 1019 quidem
1871 960 1967 1004 Na-

1118 1032 1228 1066 tura:
1252 1055 1265 1074 ,
1305 1018 1464 1066 studiis
1498 1033 1652 1069 tamen
1687 1025 1736 1071 &
1763 1023 1932 1085 linguis
1955 1059 1968 1078 ,

1120 1085 1324 1130 moribus
1356 1086 1405 1133 &
1426 1082 1744 1133 affefflonibus
1769 1125 1780 1142 ,
1839 1088 1970 1133 omni

1119 1164 1177 1196 ex
1196 1162 1322 1210 parte
1352 1150 1673 1199 diversissimis.
1743 1154 1864 1199 Hinc
1886 1154 1970 1198 ali-

1121 1229 1221 1276 quae
1241 1215 1467 1262 Nationes
1487 1213 1587 1263 sunt
1607 1218 1731 1264 bello
1753 1216 1944 1280 insignes
1957 1252 1971 1271 ‚

1122 1280 1218 1326 31136
1239 1280 1454 1340 ingenio,
1507 1285 1679 1329 virtute
1713 1284 1839 1338 aliae,
1876 1282 1973 1328 aliae

1123 1344 1262 1389 vitiis.
1288 1344 1513 1403 Dicuntur
1535 1348 1765 1406 (aliorum
1784 1350 1978 1394 Senten-

1126 1410 1237 1455 tiam
1256 1409 1404 1455 refero
1426 1446 1438 1466 ,
1469 1410 1781 1474 Paraphrastes
1803 1409 1975 1458 solum-

1126 1472 1270 1520 modo
1286 1511 1298 1528 ,
1336 1490 1430 1520 non
1473 1474 1625 1523 censor
1647 1493 1661 1535 3
1716 1478 1979 1524 Nationum

1125 1539 1241 1584 nulli
1265 1537 1452 1586 infestus
1472 1578 1485 1596 ,
1523 1544 1630 1603 quia
1653 1542 1817 1589 Mundi
1840 1543 1977 1597 civis,

1127 1603 1197 1649 cui
1212 1618 1266 1648 ex
1279 1601 1665 1667 Institutiplacitis
1684 1644 1697 1663 ,
1724 1608 1869 1654 Patria
1879 1606 1982 1653 ubi-

1129 1682 1220 1729 que
1241 1703 1254 1722 ,
1297 1670 1346 1716 &
1371 1671 1532 1716 nullibi
1557 1675 1581 1731 )
1618 1671 1830 1719 dicuntur
1861 1708 1873 1727 ‚
1912 1674 1982 1717 in-

1129 1746 1293 1794 quam,
1331 1731 1515 1795 Hispani
1536 1736 1754 1797 grandes,
1780 1739 1981 1798 gravita-

1131 1799 1188 1843 tis
1207 1798 1328 1858 pleni
1353 1835 1365 1854 ,
1411 1801 1545 1846 vultu
1571 1798 1666 1847 serii
1687 1839 1700 1857 ,
1741 1800 1943 1863 judiciofi
1965 1838 1980 1859 ‚

1130 1863 1177 1908 in
1203 1865 1366 1923 coeptis
1382 1861 1664 1921 constantes,
1699 1868 1981 1928 Religionis,

1132 1926 1391 1988 Gentisque
1414 1930 1714 1992 propagandae
1740 1932 1859 1977 avidi
1887 1969 1898 1986 ,
1935 1933 1983 1978 in

1132 1993 1338 2040 Scientiis
1353 1991 1595 2054 profundi,
1628 1996 1806 2058 Legum
1820 1998 1870 2044 &
1891 1999 1985 2044 Re·

1132 2072 1244 2119 gum
1259 2071 1487 2115 amantes,
1520 2062 1652 2122 proni
1677 2061 1731 2107 ad
1759 2075 1986 2107 mercatu-

1133 2137 1204 2167 ras
1231 2157 1242 2176 ‚
1280 2122 1469 2170 honoris
1493 2122 1787 2172 aestimatores
1809 2163 1820 2182 ,
1858 2124 1986 2172 136116-

1135 2184 1226 2247 6106
1248 2188 1539 2236 authoritatis
1561 2191 1753 2237 ultores.
1820 2192 1990 2239 Gallos

1135 2251 1288 2297 ferunt
1312 2252 1539 2301 humanos
1560 2292 1572 2310 ,
1618 2252 1879 2317 litterisque
1898 2256 1987 2302 hu-

1136 2317 1416 2364 manioribus
1449 2317 1655 2374 deditos,
1689 2317 1946 2381 ingeniosos
1968 2357 1983 2378 ,

1139 2381 1188 2427 &
1200 2378 1438 2429 bellicosos
1461 2406 1496 2438 ,s
1508 2383 1563 2430 ad
1578 2399 1699 2431 arma
1716 2400 1957 2446 promptos
1971 2423 1985 2443 ,

1140 2441 1307 2491 vestitu
1329 2460 1541 2508 comptos
1561 2485 1574 2503 ,
1610 2447 1806 2510 gestibus
1826 2451 1952 2496 leves
1973 2487 1986 2508 ,

1140 2505 1299 2556 fideles
1312 2511 1537 2574 Regibus,
1575 2509 1764 2561 affe&os
1791 2515 1985 2576 legibus.

1140 2575 1281 2621 Italos
1297 2572 1487 2623 afferunt
1511 2578 1729 2635 callidos,
1779 2581 1987 2641 ingenio-

1140 2635 1212 2686 sos
1242 2677 1256 2696 ,
1305 2636 1378 2686 sed
1405 2643 1456 2691 δε
1481 2655 1726 2707 promptos
1755 2643 1810 2691 ad
1836 2646 1946 2690 iram
1973 2681 1986 2701 ‚

1825 2702 1977 2770 quod·
2014 2740 2018 2742 v
