2294 2933
310 46 400 102 566

307 161 684 211 vientisludibrio
693 164 893 229 Zephyri
906 166 1160 214 eventilan-

307 225 417 275 dos:
452 228 690 292 fulgurent
719 233 864 288 oculi,
903 232 1158 293 &loquaci

307 294 570 343 mobilitate
586 294 816 344 versatiles
831 300 874 342 in
892 298 1040 358 capite
1056 293 1157 343 sali·-

306 370 409 406 ant:
432 356 559 408 frons
587 358 884 424 exporrecta,
921 363 972 410 &
1006 358 1156 409 serena

307 418 351 471 se
368 426 563 487 explicet
584 442 593 471 ε
631 425 866 472 rofislabia
889 438 1078 483 certent,
1106 442 1155 474 ac

307 486 492 538 amoene
507 488 760 537 subrideant
778 505 791 548 ;
817 486 1044 555 totusque
1055 502 1154 539 cor-

306 556 432 620 poris
453 555 632 601 habitus
656 571 738 601 nec
757 556 1033 618 pinguedine
1059 571 1154 605 tur-

305 633 411 685 geat
435 655 448 676 ,
483 635 566 667 nec
597 631 751 668 tamen
788 619 957 670 ollibus
990 623 1153 671 haereat

308 686 486 751 gracilis
500 725 512 744 ,
530 686 582 736 &
597 687 883 735 macilentus.
953 686 1058 738 Post
1067 689 1158 737 haec

306 753 468 801 indicia
486 755 531 800 in
548 769 701 800 mores
723 768 914 816 quoque
926 751 1156 804 censorem

307 820 497 866 oculum
518 820 688 881 conjice
708 835 717 863 :
760 819 854 876 fac,
875 819 1156 885 resplendeat

307 886 561 948 benignitas
578 900 760 932 amoena
773 923 786 941 ‚
808 884 1000 936 affabilis
1011 889 1156 934 comi-

309 965 378 999 tas
405 965 473 1008 te,
515 953 587 999 vel
614 953 811 999 invitum
832 990 844 1008 ,
878 954 1067 1010 invitet,
1101 969 1155 1000 o-

306 1019 436 1065 culos
459 1020 601 1080 rapiat
627 1033 813 1065 morum
833 1020 1001 1066 candor
1021 1056 1033 1075 ,
1075 1035 1156 1082 ge-

306 1081 464 1131 nerosa
489 1084 666 1131 indoles
689 1121 702 1140 ,
750 1087 965 1133 omnibus
997 1088 1113 1132 curis
1140 1118 1155 1140 ‚

307 1152 359 1200 δε
375 1147 722 1198 d3fficu1tatibus
735 1153 882 1213 major
893 1189 905 1207 ,
939 1152 1152 1198 emineat:

306 1233 364 1263 ex
377 1216 517 1263 altera
530 1229 657 1279 parte
669 1216 878 1264 advertat
897 1230 943 1264 te
961 1219 1155 1271 animus,

308 1282 523 1330 adorator
555 1279 642 1338 sui,
700 1281 1010 1330 aestimationis
1047 1299 1156 1345 pro-

307 1351 413 1412 priae
432 1344 620 1395 exafior
638 1385 651 1404 ,
699 1351 749 1398 &
769 1347 941 1396 custos:
984 1349 1040 1395 ad
1068 1349 1156 1395 ho-

302 1431 461 1469 nores,
503 1415 553 1461 &
578 1415 760 1462 heroica
780 1427 986 1462 mentem
1019 1428 1154 1462 notes

303 1481 559 1545 proclivem
571 1517 583 1536 ‚
623 1493 761 1544 atque
773 1482 829 1529 ad
841 1495 1019 1527 amores
1042 1495 1153 1543 prae-

304 1550 463 1610 cipue,
501 1542 669 1604 sacros,
709 1560 849 1611 atque
883 1561 1115 1609 provanos
1138 1582 1152 1601 ‚

304 1614 539 1676 aequaliter
572 1628 799 1675 pronam:
851 1613 896 1659 in
934 1613 1149 1659 omnibus

303 1678 505 1742 denique
543 1679 720 1727 eluceat
750 1679 999 1733 Protheus,
1034 1675 1152 1725 tzim-

303 1761 395 1807 que
411 1746 578 1792 celeres
598 1743 908 1809 deprehendas
929 1741 1119 1791 affecff‘ms
1137 1783 1151 1802 ,

304 1810 445 1877 quam
459 1809 784 1858 inconstantes:
809 1811 858 1858 &
871 1809 980 1872 quid
999 1823 1151 1872 putas,

300 1879 429 1943 cujus
468 1874 534 1925 est
567 1877 722 1942 imago
763 1877 855 1924 haec
878 1878 893 1922 ?
951 1888 1153 1938 quatuor

301 1958 554 2007 prototypa
573 1942 760 2008 inspice,
785 1945 903 1992 &ex
914 1936 1151 1991 effeE‘tibus

303 2012 565 2073 apparebit,
619 2011 676 2059 fic
709 2013 906 2061 mixtam
946 2025 1003 2056 ex
1031 2008 1151 2072 igne,

303 2074 498 2138 a'e're'que
511 2078 779 2140 temperiem
792 2113 804 2132 ‚
837 2088 891 2126 ut
911 2079 985 2126 aer
997 2089 1152 2123 tamen

302 2142 690 2206 praedominentur
711 2181 723 2199 ,
785 2154 927 2205 atque
952 2141 1008 2193 {ie
1031 2144 1152 2190 Ora-

301 2210 409 2256 culo
430 2246 442 2263 ,
479 2205 670 2256 minime
684 2209 825 2257 dubio
845 2245 857 2265 ‚
886 2209 1007 2257 hune
1023 2208 1153 2258 Ado-

302 2274 419 2323 nidis
438 2276 718 2337 gemellum,
761 2292 926 2339 nempe
956 2276 1154 2323 choleri-

301 2357 355 2388 co
394 2351 415 2378 -‘
458 2338 752 2404 sanguineum
815 2344 1148 2404 pronuntiabis.

300 2409 403 2470 Jani
415 2408 461 2453 in
478 2409 619 2454 alium
634 2423 824 2471 quoque
840 2445 854 2464 ‚
881 2410 1069 2456 oculum
1083 2410 1151 2455 in-

303 2471 441 2519 tende
463 2474 830 2535 exploratorem,
864 2471 1024 2520 vultfis
1042 2489 1151 2537 cape

298 2538 582 2601 ‚lineamenta
592 2576 605 2595 ‚
642 2542 693 2588 &
706 2539 881 2586 videbis
895 2536 1076 2602 aspe&u
1089 2539 1152 2587 se-

309 2605 452 2660 rium,
483 2604 513 2652 si
541 2621 634 2651 non
658 2603 892 2653 severum:
945 2605 1151 2654 frontem

305 2681 435 2724 arant
469 2667 690 2721 consuetae
721 2686 864 2737 rugae,
912 2667 1152 2724 nebulam-

993 47 1139 99 Μοῡιὶ
1172 45 1369 108 fenestra.

1215 182 1307 230 que
1325 165 1547 219 monstrat
1564 167 1654 219 hoc
1671 170 1946 235 plerumque
1967 169 2053 221 Ba·-

1212 243 1465 283 rometron.
1540 239 1687 286 Color
1704 238 1856 293 rufus,
1884 239 1935 286 &
1954 233 2053 284 sub·

1212 299 1363 363 niger,
1395 303 1585 364 capillus
1604 314 1723 360 ater,
1763 303 2058 350 membraca-.

1210 365 1327 422 lida,
1355 381 1462 428 caro*
1476 364 1681 424 exsucca,
1723 369 1845 417 oculi
1885 366 2056 423 vividi,

1209 432 1289 493 qui
1300 431 1429 479 velut
1439 431 1533 480 duo
1543 434 1736 480 Planetae
1747 450 1803 482 ex
1814 431 1893 482 suo
1911 434 2054 483 Coelo

1210 495 1467 545 scintillant.
1538 500 1673 547 Hunc
1685 498 1899 562 alloquisi
1921 500 2055 554 velis,

1207 562 1388 624 depone
1421 565 1574 625 jocos,
1608 579 1703 611 non
1731 566 1853 611 enim
1883 566 2054 611 amicus

1209 626 1274 676 est
1284 629 1428 676 Plauti
1440 645 1448 674 :
1487 627 1810 677 Laconismum
1821 641 1959 685 amat,
1979 630 2054 676 lo-

1213 689 1466 758 quiturque
1479 696 1795 751 multum‚non
1806 695 2053 757 multa.Ju-

1211 761 1381 808 dicium
1391 762 1570 809 notabis
1582 777 1680 809 acre
1689 798 1702 818 ,
1737 756 1811 808 sed
1821 762 2028 823 pertinax
2040 774 2060 807 ε,

1212 828 1391 874 mavult
1403 842 1604 874 errorem
1616 842 1767 874 errore
1776 841 1904 873 novo
1915 826 2029 872 tueri
2040 859 2055 880 ,

1211 895 1261 940 ὃ(
1291 893 1360 939 bis
1383 907 1552 949 errare,
1593 908 1651 939 ne
1669 892 1878 939 videatur
1899 887 2055 937 erraffe

1211 954 1346 1004 semel
1366 973 1376 1003 :
1423 958 1528 1004 hinc
1545 957 1945 1021 amatparticulam
1957 971 2056 1002 ma·

1210 1025 1426 1088 lignantis
1443 1026 1629 1071 Naturae
1660 1060 1673 1080 ,
1722 1024 1875 1071 Momi
1905 1018 2053 1084 cryses

1210 1107 1303 1138 non
1334 1087 1584 1146 aversatur,
1621 1105 1703 1136 nec
1720 1083 1853 1137 facile
1871 1084 2055 1151 respon-

1210 1156 1289 1204 det
1309 1155 1398 1204 fine
1417 1168 1604 1203 accentu
1624 1152 1686 1202 sat
1697 1156 1851 1217 gravi3
1885 1169 1968 1201 nec
1984 1152 2056 1200 fa·-

1211 1218 1296 1269 cile
1313 1223 1523 1283 loquitur
1546 1220 1635 1268 fine
1661 1218 1852 1268 censurae
1876 1218 2055 1282 virgula

1211 1289 1283 1336 hic
1295 1285 1590 1336 Aristarchus.
1657 1283 1887 1335 Caeterum
1906 1285 1951 1332 hi
1969 1281 2053 1346 spi-

1209 1355 1324 1402 ritus
1354 1368 1473 1400 acres
1496 1351 1563 1399 illi
1595 1353 1829 1416 ingenium
1864 1362 2053 1405 acuunt,

1209 1421 1314 1468 hine
1341 1432 1483 1466 nemo
1499 1416 1677 1466 felicius
1704 1429 1895 1464 venatur
1923 1416 2053 1477 Chy-

1206 1501 1387 1540 maeras,
1426 1498 1568 1530 nemo
1589 1480 1864 1546 profundius
1886 1481 2056 1544 mergi-

1207 1552 1404 1608 tur‚&·vin
1416 1546 1777 1612 speculationum
1788 1545 1942 1610 abysso
1956 1543 2057 1594 sub-

1207 1615 1334 1666 tilius
1361 1613 1638 1666 absorbetur.
1703 1616 1916 1676 Denique
1928 1611 2056 1658 vide-

1204 1684 1272 1730 bis
1290 1679 1573 1729 constantem
1586 1683 1630 1728 in
1640 1682 1805 1743 coeptis
1817 1717 1829 1736 ,
1850 1676 2057 1727 solitudi-

1207 1751 1276 1796 nis
1290 1749 1522 1803 amicum,
1559 1762 1641 1794 nec
1659 1747 1893 1792 inimicum
1925 1744 2054 1791 labo-

1206 1830 1258 1860 ru
1264 1828 1436 1869 m,nam
1446 1811 1536 1859 fine
1546 1812 1736 1859 vinculis
1748 1808 1898 1858 sedere
1905 1805 2058 1872 potest

1209 1878 1264 1927 ad
1278 1876 1480 1926 transtra.
1511 1880 1568 1925 Et
1578 1892 1720 1941 quam
1737 1889 1788 1924 tu
1797 1878 1902 1925 huic
1924 1871 2057 1938 affig-

1207 1945 1336 1994 nabis
1359 1945 1652 2007 temperiem?
1679 1942 1767 1990 duc
1784 1942 2056 2006 parallelum

1209 2011 1264 2058 ad
1299 2020 1660 2072 temperamenta
1686 2009 1947 2071 Archetypa
1964 2044 1977 2065 ‚
2004 2009 2055 2056 &

1207 2077 1437 2124 cholerico
1463 2103 1485 2113 -
1517 2075 1901 2124 melancholicum
1972 2071 2054 2120 de·-

1205 2141 1475 2207 prehendes.
1813 2145 1816 2148 ⁴

1268 2209 1356 2255 LE
1371 2209 1491 2268 DC:
1528 2204 1580 2255 Id
1601 2206 1764 2254 tacitus
1785 2199 2053 2268 suspicabar:

1206 2289 1315 2322 nam
1341 2285 1467 2330 atrae,
1499 2270 1722 2335 flavaecjue
1740 2270 1843 2318 bilis
1871 2268 1966 2318 vidi
1988 2270 2060 2318 ef-

1205 2336 1356 2389 feetus
1376 2375 1389 2395 ‚
1425 2354 1547 2401 quos
1565 2338 1796 2386 occultare
1807 2338 1966 2400 nequit
1983 2336 2057 2383 hic

1204 2409 1440 2467 Pronepos
1473 2405 1684 2455 Catonis.
1763 2399 1868 2450 Hoc
1899 2398 2056 2449 rescire

1205 2468 1354 2520 modo
1367 2468 1433 2517 est
1443 2471 1620 2520 animus
1633 2505 1647 2526 ,
1677 2483 1734 2515 an
1746 2479 1927 2514 tantum
1938 2480 2058 2515 tem-

1206 2548 1475 2601 peramento
1486 2536 1591 2582 huie
1601 2534 1653 2582 fit
1670 2535 1871 2597 pretium
1884 2549 1894 2580 ε
1907 2548 2062 2596 quan-.

1209 2600 1841 2663 tumilliattribuitStagirita.
1905 2599 2117 2663 TenetL⁶
2148 2614 2240 2664 pm

1209 2669 1361 2730 enim,
1411 2665 1640 2725 nifallor,
1679 2663 1813 2731 quod
1830 2665 1909 2712 ubi
1951 2666 2005 2714 M
2036 2718 2038 2720 ,

1868 2729 2055 2778 laucho-
