2294 2933
795 75 935 144 Scylla
967 83 1090 142 atque
1121 70 1367 140 Charybdis.

259 197 356 246 uod
374 197 498 244 Echo
519 206 626 242 tunc
656 191 882 243 animetur
903 233 916 252 ,
963 195 1070 245 etim

223 213 358 312 {snus
386 261 571 307 incurrit
601 261 646 304 in
676 274 839 322 corpus
871 262 982 307 laeve
1019 263 1071 309 &

220 340 501 388 concavum,
531 324 624 378 ubi,
648 324 748 385 pilae
767 323 900 371 instar
915 325 1069 387 repul-

221 390 317 447 sus,
350 389 484 437 resilit
505 391 551 435 in
577 403 752 435 aurem:
790 405 847 436 ex
872 405 966 451 quo
995 386 1069 435 sua

220 453 505 518 sponte‘jam
550 451 700 501 fluunt
735 453 1021 500 conditiones
1055 489 1067 508 ,

223 535 336 582 quas
351 517 524 580 respicit
552 532 571 564 1
584 516 680 565 ‚mo
707 517 895 580 quidem
906 533 1068 579 corpus

224 583 485 646 oppositum
505 582 642 628 debet
663 581 748 629 effe
767 619 779 637 ,
817 581 871 628 ad
909 580 1070 628 sonum

220 645 382 710 ejt'isve
395 645 556 709 species
569 646 866 693 remittendas
885 683 897 700 ,
924 646 1064 692 idone-

218 730 288 760 um
302 710 416 759 ado
434 726 683 767 tenesmum,
716 722 769 756 ut
791 707 956 756 sonum
976 710 1071 755 col-

218 779 363 839 ligat:
412 774 806 840 phonocampticum
834 771 911 820 seu
942 773 1072 821 refle-

220 843 386 888 xivum
415 878 428 897 ,
482 841 533 888 &
565 838 596 885 si
630 837 1072 887 Conimbricensibus

187 947 193 949 .
220 904 338 967 fides
356 942 369 961 ,
401 903 714 966 aliquomodo
725 905 927 965 politum
956 919 965 948 :
1003 918 1074 951 re-

223 972 419 1032 quiritur
443 966 536 1027 3.sp
550 981 670 1014 certa
681 965 906 1023 distantia,
920 969 966 1013 in
983 983 1073 1029 qua

218 1031 567 1081 determinanda
611 1032 786 1094 ipsimet
840 1033 1071 1080 Authores

218 1102 338 1146 inter
348 1095 435 1145 sese
446 1091 706 1159 longiffime
726 1093 906 1145 distant.

280 1227 452 1275 LEUC
478 1223 603 1273 :Est
621 1234 768 1273 unum
794 1227 844 1275 &
874 1224 1071 1271 alterum

215 1304 439 1346 erotema,
460 1287 711 1352 quod'mihi
722 1288 1002 1352 scrupulum:
1024 1288 1070 1334 id

210 1363 477 1420 *proponere
494 1354 524 1401 si
548 1370 628 1416 per
652 1362 698 1401 te
716 1356 849 1401 liceat
869 1391 882 1409 ‚
911 1357 1069 1399 aurern

214 1419 528 1483 commodabo
548 1435 564 1475 ;
590 1420 722 1466 velut
755 1419 810 1465 ad
831 1418 1069 1464 oraculum

190 1476 513 1546 *Delphicum
582 1483 714 1554 Qd
737 1480 875 1531 ὕψι-3
906 1479 1066 1537 snbest’
1094 1495 1096 1505 =

216 1548 353 1611 quod
387 1550 511 1595 Echo
556 1549 833 1609 plerumque
860 1563 956 1593 non
990 1546 1068 1593 nisi

215 1611 392 1675 perfida
431 1612 483 1660 sit
528 1614 774 1659 verborum
806 1614 1028 1673 interpres
1052 1647 1066 1667 ,

220 1676 329 1733 cum
351 1692 446 1723 non
480 1677 643 1732 referat
671 1714 684 1733 ‚
717 1676 801 1737 nisi
820 1678 962 1722 voces·
990 1686 1068 1730 aut

217 1738 484 1796 mutilatas,
521 1753 598 1797 aut
619 1743 665 1787 in
686 1742 863 1798 ultimis
888 1737 1068 1802 syllabis

190 1824 192 1826 ¹
219 1804 433 1863 inversas,
447 1803 794 1868 &imperfectas
808 1807 822 1852 ?
834 1805 865 1853 si
875 1807 1066 1852 clames:

219 1868 542 1933 tacewqmpha,
580 1870 804 1930 teciemnon
825 1869 1040 1935 colloquar
1056 1886 1071 1914 .-

220 1936 424 1981 dicacula
470 1940 660 1998 reponet
690 1935 858 1998 loquar.
966 1934 1070 1982 Fuit

223 2002 348 2048 Echo
364 2000 636 2062 polyphona
660 2036 672 2054 ‚
726 2015 824 2062 quae
841 2000 886 2045 in
904 1998 1071 2046 eodem

225 2067 329 2111 loco
340 2063 489 2119 stanti,
513 2062 892 2119 continuo„aliter‚
920 2061 1071 2110 aliter-

223 2128 316 2191 que
339 2127 568 2190 respondit
587 2143 596 2173 ε
619 2127 666 2176 ‘fi
688 2126 920 2186 ,clamasses
940 2144 954 2186 3
990 2128 1072 2174 tibi

183 2193 188 2204 “’
223 2191 338 2240 vero
349 2206 498 2255 grates
511 2192 731 2254 reponam
750 2204 846 2256 quo
864 2193 1070 2240 clamore?

219 2255 632 2321 moxrespondifl'et
643 2273 799 2315 amore,
826 2265 937 2305 more
950 2295 961 2312 ,
979 2272 1070 2315 ore,

219 2338 278 2374 re.
338 2330 472 2369 'MEL
493 2341 506 2366 .·
536 2320 701 2370 Itaest:
727 2321 951 2369 ordinaria
970 2323 1073 2384 lege

218 2387 471 2449 corrumpit
491 2387 628 2433 verba
648 2425 660 2443 ‚
697 2404 779 2434 nec
798 2387 877 2434 nisi
894 2388 1070 2434 ultimis

224 2449 406 2511 syllabis
420 2451 562 2497 inhiat
572 2455 874 2513 pantomima.
893 2452 957 2498 Ea
977 2453 1071 2498 for-

223 2513 299 2561 san
309 2513 373 2560 est
385 2518 500 2561 ratio
511 2552 523 2570 ‚
559 2514 688 2577 quod
707 2515 841 2564 sonus
853 2533 910 2563 ex
928 2517 1069 2572 labili,

221 2581 332 2640 quia
344 2579 637 2628 aereaindole
650 2619 668 2638 ‚
703 2598 782 2644 per
791 2583 947 2644 partes
961 2597 1070 2628 con-

226 2642 362 2719 tinuo
397 2643 657 2693 dilabatur:
702 2647 816 2710 quid¹
837 2644 951 2709 ergo
981 2648 1097 2696 mi?

1908 91 1967 137 91

1122 200 1241 250 rum',
1262 191 1392 256 quod
1404 189 1584 238 nonnisi
1593 190 1767 238 ultimae
1776 188 1970 253 syllabae,

1125 260 1329 321 maligno
1352 258 1451 304 fato
1472 254 1751 318 superstites,
1786 256 1971 303 redeant

1126 323 1182 370 ad
1203 323 1495 370 Authorem?
1535 320 1672 377 adde,
1705 318 1969 382 quodprio-

1124 405 1194 434 res
1211 385 1402 450 syllabas
1424 387 1602 432 turbare
1621 382 1795 432 soleant
1817 382 1969 446 poste-

1125 455 1265 499 riores
1285 489 1298 508 ,
1357 451 1569 522 adgo'que
1599 449 1839 512 expeditus
1878 464 1974 494 non

1125 516 1202 562 nisi
1219 518 1396 562 ultimis
1419 526 1575 577 pateat
1591 512 1806 577 regreffus
1834 550 1847 568 ‚
1874 527 1977 573 quae

1125 583 1258 642 proin
1292 578 1697 641 seipfisjuiiiores'‚
1734 577 1808 626 scd
1828 576 1975 637 magis

1124 642 1291 698 frad‘tae,
1311 657 1424 690 nota
1436 642 1572 706 spatia
1583 646 1806 707 relegunt,
1820 643 1870 690 &
1882 643 1977 703 jam

1127 707 1432 755 semimortuae
1467 710 1646 754 auribus
1702 708 1975 760 illabuntur,

1129 774 1273 819 veluti
1287 774 1332 817 in
1349 774 1583 818 cunabulis
1604 775 1840 819 tumulum
1854 785 1978 832 quae-

1128 837 1270 884 siturae
1296 873 1308 891 ,
1347 833 1453 883 cuin
1465 834 1977 899 puduiffetextrapatri-

1131 917 1205 948 am
1226 899 1414 964 sepeliri.

1221 1032 1410 1079 LEUC:
1445 1032 1511 1086 Ut
1531 1025 1642 1091 quid
1667 1028 1805 1090 igitur
1834 1026 1977 1081 Echo,

1128 1095 1254 1159 quasi
1264 1093 1346 1142 suae
1359 1093 1545 1158 ipsamet
1563 1090 1744 1154 pertaesa
1763 1088 1977 1153 perfidiae,

1126 1161 1253 1209 subin
1265 1161 1466 1222 integros
1478 1156 1628 1205 reddit
1646 1153 1782 1203 sonos
1802 1193 1814 1211 ,
1853 1151 1978 1202 subin

1126 1228 1283 1273 tetrica
1300 1221 1494 1271 omnino
1511 1220 1661 1284 stupet
1682 1223 1732 1269 &
1745 1216 1978 1266 obmutes-

1125 1291 1184 1337 cit
1209 1291 1227 1336 ?
1264 1302 1375 1335 nota
1405 1286 1509 1335 'sunt
1533 1288 1705 1332 moenia
1738 1285 1934 1332 Cadurci
1957 1321 1973 1340 ,

1125 1354 1180 1406 ad
1199 1353 1400 1403 fluminis
1422 1353 1554 1400 Oltlii
1574 1349 1728 1413 'ripam
1747 1387 1760 1406 ,
1796 1353 1841 1397 in
1868 1352 1971 1411 qui-

1123 1422 1207 1478 bus
1231 1419 1354 1465 Echo
1383 1455 1396 1474 ‚
1440 1417 1612 1463 'urbem
1645 1415 1751 1463 alias
1787 1412 1921 1462 exosa
1954 1451 1970 1471 ,

1123 1492 1278 1547 praeter
1295 1494 1464 1530 naturae
1479 1480 1683 1528 indolem
1700 1518 1713 1536 ‚
1751 1493 1846 1528 tam
1867 1496 1970 1541 per-

1123 1551 1253 1594 vium
1290 1547 1367 1595 sibi
1399 1544 1563 1593 solium
1598 1548 1741 1592 erexit
1771 1582 1788 1601 ‚
1830 1558 1883 1591 ut
1913 1544 1970 1592 ad

1124 1610 1377 1675 Majestatis
1412 1608 1677 1673 prodigiosae
1712 1612 1971 1672 alloquium

1122 1679 1355 1726 neminem
1385 1692 1480 1722 non
1507 1677 1737 1722 admittat.
1802 1674 1984 1722 Neuti-'

1125 1758 1264 1805 quam
1283 1738 1355 1788 hic
1381 1741 1637 1787 balbutiens
1661 1777 1673 1795 ,
1708 1739 1970 1787 dimidiatas

1122 1808 1323 1869 deglutit
1359 1820 1497 1852 voces
1520 1842 1532 1860 ‚
1576 1802 1648 1851 sed
1682 1806 1821 1865 pleno
1857 1821 1936 1850 ore
1956 1841 1970 1858 ‚

1123 1872 1273 1919 reddit
1286 1868 1479 1917 omnino
1492 1872 1688 1931 integras
1701 1906 1713 1924 ,
1748 1871 1798 1917 &
1813 1870 1974 1915 clario—

1126 1939 1195 1984 res
1245 1934 1434 1997 quidem
1473 1934 1716 1996 magisque
1746 1971 1762 1989 ‚
1831 1933 1973 1996 quam

1125 1999 1217 2064 ipsa
1234 2010 1460 2061 receperat
1477 2035 1490 2054 ,
1527 1999 1800 2046 articulatas.
1868 1997 1976 2045 Im&

1125 2064 1340 2129 periodos
1352 2065 1547 2126 integras
1561 2100 1572 2118 ‚
1601 2062 1779 2111 Musicae
1790 2064 1975 2125 longio-

1126 2147 1195 2178 res
1207 2141 1451 2176 concentus
1471 2127 1636 2174 eodem
1661 2128 1820 2174 ordine
1846 2144 1973 2189 repe-

1127 2197 1184 2243 tit
1205 2232 1218 2250 ‚
1250 2205 1367 2240 utne
1377 2195 1555 2239 unicam
1572 2193 1761 2255 quidem
1772 2191 1974 2256 sylabam

1124 2258 1368 2306 haesitando
1402 2271 1677 2320 corrumpat,
1788 2266 1846 2306 M
1854 2264 1886 2305 E
1893 2265 1926 2305 L
1956 2276 1974 2304 e

1126 2324 1323 2371 Nullum
1332 2323 1423 2369 hoc
1431 2323 1478 2369 in
1489 2320 1660 2385 putidio
1674 2320 1943 2383 mysterium
1959 2338 1972 2368 ε

1126 2384 1372 2450 Ρεῐξεᾶὶίἰιε
1396 2385 1636 2450 respondet
1673 2388 1797 2434 Echo
1821 2424 1834 2442 ‚
1867 2385 1975 2434 cum

1126 2456 1173 2499 in
1206 2453 1591 2515 phonocamptico
1617 2468 1804 2514 corpore
1827 2489 1840 2508 ‚
1874 2466 1972 2498 rne—

1123 2515 1214 2565 lius
1234 2514 1583 2578 correspondent
1600 2516 1818 2578 requisitae
1843 2512 1972 2577 supe-

1124 2580 1217 2630 rius
1230 2581 1529 2629 conditiones.
1643 2585 1675 2630 F
1679 2597 1727 2629 ac
1751 2582 1872 2627 enim
1891 2580 1971 2626 ad-

1123 2646 1207 2696 sm‘t
1224 2648 1275 2693 in⁴
1289 2646 1432 2708 gradu
1466 2646 1683 2696 mediocri
1703 2684 1716 2704 ,
1751 2647 1972 2706 loquetur

1237 2714 1292 2759 M
1329 2724 1358 2761 2
1512 2729 1521 2735 ·
1807 2710 1931 2757 Echo
1954 2745 1971 2768 ‚
