2294 2933
859 105 1101 173 Dipbtbera
1130 92 1288 178 Jovia
1878 109 1983 173 247'

220 222 331 274 teste
341 225 563 272 Suetonio
580 222 777 286 Nigidus
791 221 974 288 figulus,
996 222 1066 273 su-

212 304 295 354 pra
325 290 538 336 cacabum
562 288 766 337 eruditus
797 328 809 346 ,
851 287 1065 338 confecto

212 351 403 417 Augusti
418 351 676 416 horoscopo
694 354 959 403 exclamaffe
975 356 1066 402 fer-

221 433 295 467 tur
324 436 333 465 :
402 419 528 465 Orbis
563 427 790 467 Dominvm
818 422 887 482 effi*
905 432 1062 468 nitunt.

216 488 287 547 Sic
314 483 568 545 Rudolpho
587 486 735 546 primo
757 486 803 531 in
823 486 941 533 Aula
971 486 1066 532 Fri·

215 551 350 598 derici
396 546 576 597 Caesaris
622 547 814 597 versanti
855 550 1066 598 Romana

213 617 396 676 Sceptra
416 612 634 677 praesagiit
643 631 736 661 non
748 628 909 670 nemo,
950 617 1066 661 inter

213 678 486 742 Astrologos
506 680 639 727 finon
650 679 860 726 fatidicus
882 716 893 735 ‚
943 672 1064 725 certi:

213 744 437 792 veridicus
452 782 464 801 ‚
501 743 555 794 ut
574 742 906 792 demonstravit
925 757 1064 790 even-

215 820 305 858 tus'.
411 817 531 858 MEL
555 829 566 857 t
612 811 715 856 Hoc
740 808 957 870 equidem
976 809 1064 855 mi-

214 870 337 922 nime
348 876 489 921 miror
504 911 517 931 ‚
548 889 658 921 nam
667 875 756 920 fuit
768 875 818 923 &
830 875 933 922 Saul
948 876 1064 921 inter

212 941 460 1002 Prophetas
488 957 496 984 :
564 940 733 987 Plotini
760 976 773 995 ‚
823 941 873 988 &
903 945 1063 1002 Appo—

211 1003 368 1052 nenses
387 1021 482 1051 non
506 1016 718 1051 movent:
759 1001 845 1051 scio
866 1021 921 1050 ex
942 1021 1062 1067 quo-

211 1086 318 1117 nam
340 1069 518 1133 tripode
554 1071 597 1116 hi
621 1067 694 1116 sua
715 1072 901 1132 auguria
925 1085 934 1115 τ
983 1069 1062 1116 nisi

168 1168 170 1171 »
211 1137 386 1198 pigeret
413 1137 552 1198 augiae
579 1133 806 1182 stabulum
839 1132 1027 1182 reserare
1047 1172 1060 1191 ‚

17 2399 20 2410 ι
55 2447 148 2510 Reg.

55 2543 61 2553 .
77 2514 175 2555 Por-

55 2588 106 2630 μ’.
124 2575 165 2621 in

208 1197 516 1262 horoscopum
542 1201 633 1247 illis
669 1198 916 1246 statuerem
941 1237 952 1257 ‚
1008 1211 1062 1246 ut

208 1268 357 1329 major
367 1262 500 1313 dietis
510 1266 632 1312 foret
644 1261 759 1312 fides
771 1302 782 1321 ,
816 1278 956 1328 atque
969 1271 1064 1314 Au·-

209 1333 419 1379 thoritas.
490 1332 670 1380 Scilicet
689 1367 702 1386 ‚
748 1331 970 1377 caecorum'
995 1333 1063 1377 in-

208 1395 297 1443 star
315 1397 563 1443 admetam
579 1396 818 1444 collimant
837 1434 849 1452 ,
894 1397 1061 1443 milli-es

210 1473 393 1518 errant,
426 1459 695 1509 saltemcasu
721 1458 906 1525 scopum
926 1459 1060 1508 semel

209 1539 264 1582 ut
286 1528 465 1575 feriant.
543 1525 795 1576 Christiana
816 1521 936 1573 certe
970 1529 1062 1575 Re-

208 1594 322 1656 ligio
341 1631 354 1649 ,
385 1594 479 1655 jam
499 1605 602 1639 ante
621 1595 704 1639 tria
720 1592 1062 1655 propemodum

211 1655 506 1717 saecula‚suam
528 1659 576 1704 in
592 1659 737 1721 gloria
748 1655 963 1704 clausisset
981 1672 1062 1719 pe-

210 1723 417 1781 riodum,
454 1723 482 1772 si
502 1722 632 1772 Astra
648 1720 952 1786 phantastssca‚
989 1738 1061 1768 ce-

209 1789 424 1853 rebrique
446 1791 591 1836 emoti
619 1805 804 1836 cancros
825 1826 836 1844 ‚
873 1790 923 1837 &2
945 1784 1061 1834 scor-

209 1857 370 1918 piones
380 1858 495 1904 bene
512 1852 779 1902 observasset
791 1891 804 1909 ,
816 1852 1059 1916 impudens

211 1921 555 1968 mendaciorum
573 1921 700 1968 faber
719 1957 731 1976 ‚
767 1920 1056 1968 Albumazar.

210 1985 297 2035 Sed
309 1988 412 2049 quis
424 1988 470 2032 in
480 1987 719 2032 cumulum
738 1996 810 2032 tot
828 1983 1063 2031 mendacia

211 2053 371 2114 cogat?
410 2067 504 2099 non
531 2045 715 2113 illepide
735 2051 858 2100 Cato
876 2086 890 2105 ‚
925 2050 1063 2095 mira-

169 2153 179 2165 .
211 2117 301 2165 rise
320 2118 469 2174 dixit,
506 2118 615 2181 quod
632 2132 716 2162 non
742 2117 929 2177 aruspex
950 2118 1059 2159 ride·

211 2195 274 2231 ret
311 2224 318 2233 ,
375 2185 608 2240 z‘wspicem
641 2186 665 2234 Π
703 2178 895 2243 vidifflt,
954 2180 1063 2241 quia

210 2245 440 2298 Sinensem
451 2249 591 2296 Sinon
604 2285 616 2304 ‚
652 2241 917 2310 Cretensem
936 2246 1063 2292 Mer-

212 2316 319 2362 curii
342 2329 596 2377 pronepos,
630 2312 706 2360 fibi
717 2310 910 2359 similem
921 2312 1063 2372 Syco-

210 2381 430 2444 phantam
444 2416 456 2435 ‚
494 2383 628 2426 aeteo
645 2378 836 2441 dignum
858 2376 1059 2423 tumulo.

214 2449 271 2494 Et
290 2442 405 2492 vero
425 2443 601 2506 ipsimet
617 2481 630 2499 ‚
670 2441 894 2490 conversis
915 2439 1063 2488 veluti

214 2510 406 2574 gladiis,
449 2506 534 2557 sese
556 2505 793 2571 configunt
812 2545 825 2563 ‚
858 2504 1063 2554 Philiste-

216 2591 351 2623 orum
385 2590 590 2638 propago
611 2575 766 2636 impia.
830 2572 1068 2626 motinus,

1121 222 1498 274 futilem'calam&
1516 224 1774 274 confutavit
1784 227 1973 276 Scienti-
1987 222 2037 274 de
2050 238 2160 290 prae-

1122 298 1210 337 am.
1274 289 1553 352 Porphyrius
1574 327 1586 344 ‚
1634 287 1870 354 sacrilegus
1885 290 1971 340 afi-
1987 302 2081 351 ραν.

1119 355 1178 402 de
1190 356 1423 418 transfuga
1435 392 1447 410 ,
1478 352 1726 417 postquam
1737 358 1878 404 Coelo
1892 374 1971 404 ex—
1988 363 2017 403 E
2021 372 2152 426 vang.

1119 417 1266 468 clusus
1294 457 1306 476 ‚
1340 418 1481 468 Astris
1516 415 1723 467 addifi'tus
1751 457 1764 476 ‚
1801 422 1848 467 in
1880 423 2023 479 Οῑ-σ,
2064 436 2109 477 1.

1121 486 1226 531 bem
1237 485 1511 532 declamavit
1522 482 1781 542 nonsemel,
1812 488 1976 549 exqui-

1120 547 1250 597 sitam
1279 550 1825 627 futuroriiQScieii'tiam
1850 572 1870 607 ‚-
1895 567 1976 598 ne-

1119 630 1213 676 que
1225 616 1326 661 Diis
1349 611 1520 676 semper
1540 613 1821 663 conceffam.³
1855 617 1977 664 Hinc

1118 679 1238 726 inter
1272 680 1472 726 Oracula
1504 681 1734 743 Apollinis
1762 681 1976 744 Delphici

1117 744 1207 791 hoc
1220 745 1359 801 etiam
1380 745 1520 792 refert
1538 741 1802 808 responsum
1823 763 1832 793 ε
1867 745 1973 795 nihil

1116 807 1241 856 bodie
1273 808 1480 866 nevarum
1513 807 1613 857 mibi
1652 814 1727 858 via
1755 811 1975 860 dicendum

1115 873 1294 936 prestat.
1358 873 1448 922 Cui
1460 871 1727 923 confessioni
1740 913 1752 933 ,
1790 887 1885 924 tam
1903 878 1972 924 in·

1117 954 1275 1002 genuae
1292 976 1306 994 ‚
1347 938 1487 1001 quarn
1504 937 1698 987 demissae
1717 978 1729 996 ‚
1766 941 1853 989 hoc
1874 939 1974 989 sub-

1118 1005 1185 1051 dit
1213 1004 1519 1066 epiphonema
1539 1042 1552 1061 ,
1584 1007 1845 1056 Gentilium
1868 1009 1972 1055 Diis

1117 1066 1430 1132 dignissimum
1467 1085 1478 1115 τ
1517 1073 1772 1133 manifestum
1793 1075 1884 1138 J'am
1905 1075 1972 1134 fe-

1118 1140 1242 1182 <imus
1264 1174 1276 1193 ‚
1342 1136 1449 1181 :inde
1497 1135 1657 1200 falsitas
1697 1137 1752 1182 ad
1784 1144 1971 1186 Deorum
1989 1129 2100 1182 Idem
2121 1132 2148 1183 1.
2173 1137 2226 1197 53

1119 1198 1303 1248 orac-ula
1338 1199 1542 1257 (ubrepat.
1643 1202 1875 1249 Omnium
1921 1197 2218 1257 0·ibid.c·‚10.

1118 1259 1265 1329 ptime
1288 1265 1562 1313 Oenomaus
1586 1302 1599 1323 ,
1651 1268 1769 1314 inter
1791 1269 1975 1316 Graecos

1117 1332 1281 1378 Graecae
1296 1332 1569 1393 neutiquam
1606 1328 1715 1378 fidei
1741 1369 1755 1389 ,
1790 1333 1870 1381 diu
1902 1334 1976 1381 O-

1117 1396 1280 1443 raculis
1304 1396 1541 1458 Delphicis
1565 1394 1748 1445 delusus
1776 1436 1789 1456 ‚
1821 1400 1977 1462 impo-

1118 1459 1246 1509 sturae
1269 1460 1452 1507 tandem
1478 1461 1724 1524 impatiens
1760 1501 1773 1520 ‚
1828 1466 1872 1510 in
1891 1465 1974 1527 Jus

1118 1528 1303 1573 vocavit
1347 1526 1717 1588 nugivendulum
1750 1531 1938 1576 Numen
1957 1565 1973 1586 ,

1117 1587 1420 1653 collectisque
1453 1607 1548 1638 non
1566 1590 1745 1641 curiose
1778 1592 1933 1642 minus
1957 1630 1973 1651 ‚

1118 1655 1258 1721 quam
1279 1653 1436 1703 sedulo
1463 1654 1614 1705 effatis
1642 1660 1851 1721 plurimis
1875 1698 1887 1716 ‚
1920 1675 1975 1706 ea

1115 1735 1168 1769 ut
1179 1718 1290 1769 falsa
1302 1734 1440 1785 atque
1452 1724 1600 1770 inania
1619 1761 1631 1779 ‚
1665 1727 1775 1772 orbe
1786 1726 1974 1782 arbitro,

1116 1781 1527 1849 coeldqueJuffice,
1564 1788 1910 1837 demonstravit.

1181 1853 1372 1901 LEUC:
1428 1852 1479 1900 Id
1492 1865 1646 1901 tamen
1673 1892 1685 1911 ,
1719 1867 1774 1903 ut
1792 1855 1939 1903 fatear
1957 1891 1972 1910 ‚

1115 1916 1314 1965 necdum
1339 1930 1533 1980 penetro
1557 1957 1570 1976 ‚
1627 1934 1706 1967 cur
1736 1918 1973 1983 Astrologi

1118 1999 1175 2030 ex
1186 1982 1352 2030 eodem
1364 1999 1444 2030 ore
1459 1984 1659 2032 calidum
1677 1992 1702 2042 ‚‘
1722 1984 1971 2050 frigidum?

1118 2063 1195 2095 cur
1231 2063 1288 2094 ex
1326 2048 1492 2095 eodem
1516 2049 1696 2112 tripode
1719 2052 1816 2113 jam
1831 2066 1941 2098 vera
1957 2086 1973 2108 ‚

1116 2114 1211 2176 jam
1223 2111 1333 2161 falsa
1352 2110 1512 2176 spuant
1536 2115 1737 2164 Oracula
1758 2117 1775 2163 ?
1814 2124 1938 2165 MEL
1956 2133 1973 2161 .-

1117 2179 1253 2228 Dixi:
1290 2182 1805 2243 &caecusreperitolim
1830 2181 1976 2229 Gem-
2048 2200 2052 2203 “

1118 2259 1258 2290 mam.
1325 2247 1449 2307 Saepe
1495 2247 1678 2309 ancipiti
1723 2248 1974 2294 verborum

1115 2306 1243 2356 sensu
1264 2346 1278 2366 ‚
1309 2308 1364 2356 sic
1385 2310 1431 2357 in
1458 2311 1587 2358 bivio
1612 2313 1768 2359 locant
1787 2309 1925 2358 effata
1959 2347 1975 2367 ‚

1116 2386 1169 2422 ut
1183 2373 1212 2421 si
1223 2373 1376 2422 minus
1388 2373 1658 2439 respondeat
1669 2378 1861 2433 veritas,
1894 2376 1974 2423 illa

1116 2436 1417 2503 respondeant
1429 2442 1628 2490 veritati:
1641 2443 1828 2490 noveris
1839 2440 1974 2489 illud:
2149 2501 2159 2507 x

1118 2507 1201 2554 Ibis
1220 2543 1233 2562 ‚
1288 2506 1440 2554 redibis
1462 2545 1475 2565 ,
1530 2523 1614 2554 non
1634 2546 1645 2563 ,
1704 2504 1904 2555 moriem
1932 2510 1973 2553 in
1991 2504 2100 2565 Aug⁹
2118 2513 2159 2551 u

1123 2568 1246 2620 bello,
1358 2575 1500 2618 Attica
1537 2574 1691 2619 civitas
1737 2576 1779 2619 in
1830 2573 2028 2637 ligneis?
2058 2566 2089 2619 l·
2114 2580 2160 2621 5·

57 2654 91 2685 α.
123 2646 176 2686 Eu
219 2642 298 2688 diu
334 2639 624 2702 Astrologicae
660 2639 842 2685 cortinae
878 2638 1028 2683 cultor
1054 2672 1068 2690 ‚
1122 2639 1250 2683 muris
1288 2635 1477 2697 (naves
1508 2641 1662 2701 puta)
1691 2640 1831 2694 [ecura
1862 2640 1940 2683 erit
1961 2628 2039 2679 :de
2063 2635 2189 2691 civi?-

43 2702 180 2780 ‚.1.6.
221 2705 410 2764 tandem
427 2704 773 2759 mendaciorum
790 2701 941 2761 latur,
976 2698 1071 2767 ipse
1123 2703 1191 2769 ajo
1233 2710 1274 2752 te
1308 2705 1528 2753 AEactdem
1564 2711 1772 2767 Romanos
1805 2704 1975 2751 vincere
1993 2698 2091 2753 Dei·

1868 2765 1978 2833 vore-
2046 2771 2058 2807 1
