2294 2933
275 27 344 82 92

280 137 431 190 Echo,
452 131 525 182 sed
552 128 756 191 morosa,
776 148 857 185 nee
876 136 956 186 nisi
987 135 1124 184 dimi-

280 201 403 247 diata
420 199 665 246 verborum
682 199 839 248 funera
850 239 864 257 ‚
891 202 1055 250 referet
1068 199 1123 247 ad

282 278 463 311 aurem:
506 261 639 326 quod
671 263 753 312 siin
764 264 906 328 gradu
918 260 1123 327 perfedb

282 327 413 375 simul
439 340 737 385 concurrant,
793 329 884 376 sine
919 344 999 376 ore
1031 329 1124 376 oris

282 394 432 438 vincet
458 394 697 448 miracula,
740 394 960 455 loquetur
986 408 1126 455 expe-

280 457 392 512 dita,
418 451 551 519 se'que
564 458 637 502 vel
651 471 709 502 ex
720 457 896 504 ultimis
909 458 1124 513 verbulis,

282 522 491 584 probabit
507 520 799 582 Nympham,
837 522 926 568 hoc
949 514 1014 568 est
1034 522 1127 569 liti·

283 582 457 648 giosam
486 621 500 638 ‚
545 598 645 645 quae
685 599 924 648 nunquam
959 587 1128 632 tacebit

317 651 450 695 rima:
491 647 744 709 garrulam,
777 664 877 711 quae
905 651 1053 697 multa
1072 648 1129 697 ad

281 667 485 775 linguam
496 749 508 767 ,
537 712 648 759 nihil
661 713 717 759 ad
728 715 888 761 limam
904 716 920 761 ?
955 715 1130 777 impro-

281 777 461 832 vidam,
514 791 612 839 quae
660 777 886 841 quidquid
927 783 1052 826 venit
1083 781 1128 825 in

281 843 494 896 buccam,
538 840 628 889 fine
655 855 813 890 mente
831 841 986 891 effutit
1003 880 1017 901 ,
1058 845 1128 891 ni-

284 902 447 968 hilque
478 905 755 954 considerat:
792 909 935 955 verbo
970 908 1130 956 foemi-

285 985 391 1018 nam
404 1007 416 1025 ‚
450 968 506 1016 ad
518 971 646 1031 cujus
656 987 808 1034 gerras
827 985 878 1020 tu
896 970 1032 1024 citius
1051 988 1131 1020 au-

283 1034 481 1089 diendo,
516 1033 656 1097 quam
689 1035 768 1084 illa
792 1037 1031 1100 loquendo
1053 1037 1132 1085 de-

281 1099 564 1162 fatigabitur.
662 1098 923 1150 Confirmat
967 1103 1134 1150 mulie-

284 1166 414 1211 brem
441 1165 646 1226 genium,
671 1165 717 1211 in
735 1163 1136 1216 observantiissuis

285 1224 590 1291 superstitiosa
601 1230 783 1293 religio:
815 1234 947 1279 unica
972 1232 1003 1281 si
1025 1231 1138 1280 defit

288 1293 519 1348 conditio,
557 1291 782 1354 obstinata
808 1307 958 1354 tacet,
1004 1309 1057 1344 ut
1077 1312 1136 1344 ex

285 1358 549 1421 Pythagora
567 1356 702 1408 citius
742 1355 964 1423 satyram,
994 1359 1136 1425 quam

286 1424 344 1471 ab
356 1423 709 1474 illaverbulum:
730 1425 834 1472 hinc
850 1425 882 1474 fi
899 1422 1142 1490 objeostum

292 1484 516 1550 asperius,
547 1489 621 1535 vel
633 1489 773 1536 etiam
785 1491 1002 1550 mollius}
1025 1490 1139 1539 fiht-

294 1553 442 1600 atibus
457 1552 656 1601 abundet
676 1591 692 1611 ,
730 1551 893 1602 sonum
904 1572 998 1604 non
1006 1570 1138 1619 repe-

296 1618 378 1674 tit,
400 1613 473 1664 sed
483 1614 697 1681 dispergit
718 1636 730 1666 ε
753 1618 854 1668 imo
867 1620 897 1668 fi
907 1622 997 1668 loci
1013 1636 1144 1668 com-
1183 1618 1256 1670 'Et
1269 1617 1387 1668 verb
1404 1619 1452 1668 in
1467 1620 1618 1671 Ticini
1643 1617 1786 1670 castro
1814 1619 1840 1678 (
1847 1616 2039 1668 Basilicae

292 1681 496 1730 moditas
520 1680 651 1730 ceffet
668 1721 682 1741 ,
712 1683 842 1732 cessat
861 1687 911 1735 81
934 1682 1053 1748 ipsa,
1093 1701 1145 1733 ac

293 1748 342 1795 in
352 1743 570 1808 speluncis
581 1750 739 1795 vivere
746 1752 926 1798 mavult
942 1748 1115 1799 deserta
1128 1788 1143 1808 ,

293 1812 434 1873 quam
447 1814 493 1858 in
504 1808 701 1859 :edificiis
709 1811 871 1861 eretstis
882 1816 1141 1863 incommo-

293 1876 365 1923 da.
448 1875 570 1923 Illud
609 1875 788 1939 pror-sus
825 1879 1103 1926 foemineum
1125 1916 1140 1936 ,

294 1940 423 2003 quod
450 1940 707 1989 constanter
723 1938 1002 2002 inconstans,
1036 1941 1139 1993 fibi-

294 2020 385 2067 que
405 2002 579 2068 semper
594 2003 839 2056 diffimilis:
862 2020 1070 2057 mutatur
1079 2007 1136 2056 ad

294 2069 464 2126 locum,
491 2073 653 2117 namin
678 2070 763 2119 isto
773 2075 958 2121 mutilat
980 2088 1135 2131 voceS‚

295 2135 344 2179 in
384 2134 469 2179 illo
502 2137 808 2197 multiplicat:
861 2140 1061 2186 variatur
1082 2139 1137 2186 ad

298 2210 533 2260 tempora,
578 2215 686 2245 nam
713 2198 970 2260 observata,
1009 2203 1139 2266 quod

297 2276 399 2325 quae
430 2262 489 2309 de
515 2263 590 2309 die
623 2260 919 2313 solummodo
945 2266 1108 2331 septies
1125 2305 1139 2325 ,

296 2327 356 2373 de
373 2324 513 2374 noste
538 2330 606 2375 bis
641 2325 804 2391 septies
829 2345 1036 2394 repetat,
1079 2335 1142 2380 ob

297 2393 411 2439 aeris
422 2389 633 2439 nosturni
645 2396 1026 2457 tranquillitatem
1038 2414 1046 2442 :
1061 2397 1142 2445 de-

293 2454 510 2518 prehensa
521 2455 586 2504 est
595 2459 682 2504 alia
699 2455 859 2517 mane,
883 2462 970 2516 alia
982 2459 1140 2524 vespe-

126 2523 272 2579 ffircb,
294 2521 357 2575 ri,
391 2521 843 2571 Proeheiinrnorem.
907 2522 1016 2572 Imo
1029 2542 1141 2573 ven—

55 2587 268 2662 pbonurg.
295 2586 567 2650 toquolibet
587 2589 804 2638 vertitur:
830 2589 1144 2642 RomaeBOrea

865 17 1006 87 δίψα
1023 27 1149 87 atque
1159 16 1406 88 charybdis.

2241 0 2245 41 l

1177 138 1318 188 flante
1335 135 1522 188 resumit
1544 140 1689 197 vires,
1707 135 1919 188 flaccescit
1937 136 2068 204 spi-‚L
2088 168 2128 205 ι,
2142 135 2245 218 [23ss

1178 215 1308 252 rante
1319 200 1508 253 Austrox
1531 204 1802 254 humoribus
1835 206 2020 268 regitur.
2044 211 2247 286 bprolufi

1178 282 1286 316 narn
1297 267 1561 317 cadentibus
1579 271 1756 332 pluvis,
1791 266 2021 333 nivibusq3
2043 298 2087 344 3,
2248 287 2249 314 ;

1179 328 1338 380 obtusa
1359 333 1771 391 &melancholica,
1811 332 1915 398 post
1938 349 2025 382 nu-

1178 397 1271 444 bila
1283 394 1544 458 splendente
1551 398 1728 446 Phoebo
1739 414 1854 446 mox
1871 400 2028 447 alacri-

1179 477 1234 511 or
1243 459 1422 510 resonat
1445 477 1459 507 ι
1492 462 1661 525 yerbo,
1685 461 1717 510 fi
1752 464 2026 512 Lunaticam

1180 527 1302 574 dicas
1324 563 1338 582 ,
1371 525 1482 573 dicis
1502 525 1631 587 quod
1660 542 1731 573 res
1759 526 1826 575 est
1846 566 1860 585 ,
1917 543 2027 576 nam

1180 591 1448 638 mutabilior
1480 589 1610 637 Luna
1623 626 1637 646 ‚
1670 592 1931 639 Vertumno
1959 593 2029 641 le·

1180 655 1304 717 vior,
1340 656 1386 702 in
1402 654 1596 719 singulas
1631 650 1719 702 sese
1754 658 1898 704 variat
1921 657 2028 705 anni

1179 732 1450 832 paitleiIsUC:
1491 783 1700 844 Agnovit
1722 797 1913 846 quoque
1932 782 2028 831 Lu·
2044 765 2173 814 ‘'⁰²⁴¹“
2256 767 2258 785 ⁵

1182 850 1347 897 cretius
1358 844 1509 895 Echfis
1521 849 1793 894 muliebrem
1805 849 2025 908 indolem,
2042 828 2072 880 ι·
2085 843 2133 890 4·
2152 829 2202 877 de

1186 927 1244 960 ex
1255 907 1593 974 hocpraecipue,
1614 911 1746 974 quod
1764 911 1883 961 adeo
1903 902 2226 960 subinfer-³¹⁰³·
2260 969 2262 972 Α

1187 977 1457 1040 loquacula,
1496 988 1550 1023 ut
1565 975 1757 1027 eandem
1779 992 1945 1028 vocem
1959 974 2035 1028 sae·

1187 1058 1246 1108 pe
1266 1039 1423 1107 faepius
1438 1052 1640 1104 repetat:

1189 1176 1276 1221 Sex
1303 1171 1429 1218 etiam
1447 1206 1464 1227 ,
1502 1176 1576 1218 aar
1590 1168 1755 1233 septem
1772 1207 1787 1229 ‚
1819 1169 1911 1220 loca
1933 1171 2032 1219 vidi

1455 1232 1628 1283 reddere
1645 1249 1770 1284 voces
1781 1267 1797 1291 ,
1946 1296 1949 1298 .

1189 1306 1324 1348 Unam
1359 1299 1452 1346 ct'tm
1465 1300 1655 1365 jaceres:
1682 1305 1746 1346 ita
1769 1298 1894 1349 colles
1911 1297 2035 1350 colli·

1512 1361 1585 1412 bus
1612 1364 1704 1430 ipfis

1187 1425 1322 1479 Verba
1372 1424 1628 1556 repulsanjfs
1671 1427 1883 1478 iterabant
1919 1425 2033 1477 dista

1523 1506 1568 1542 re
1591 1506 1700 1546 erre.

1194 1686 1363 1734 Ducali
1376 1685 1469 1734 hoc
1486 1701 1659 1735 nomen
1677 1682 1774 1749 est)
1801 1697 1870 1732 ter
1893 1683 2045 1730 decioe

1196 1765 1293 1798 vox
1310 1750 1472 1797 eadem
1485 1748 1731 1815 reperoeffa
1746 1749 1862 1797 redit
1874 1784 1893 1806 ‚
1926 1746 2048 1796 adeo

1195 1811 1355 1863 exad'ffi
1388 1811 1663 1878 syllabarum
1700 1815 1911 1863 omnium
1941 1826 2042 1860 em-

1193 1877 1340 1944 phasi,
1374 1892 1428 1926 ut
1438 1881 1574 1927 multi
1593 1896 1689 1930 non
1702 1892 1870 1927 naturae
1889 1877 1935 1925 id
1956 1873 2046 1924 effla

1191 1959 1329 2008 opus,
1354 1940 1427 1992 sed
1437 1945 1624 1993 latentis
1634 1944 1855 1992 daemonis
1870 1940 2045 1991 illufio-

1191 2023 1302 2057 nem
1323 2045 1338 2065 ‚
1385 2008 1462 2057 fibi
1488 2006 1675 2073 penitus
1700 2005 2037 2072 persuaderent.

1191 2077 1243 2122 In
1261 2074 1374 2122 villa
1385 2076 1480 2138 agri
1503 2070 1858 2124 Mediolanensis
1872 2071 2041 2136 palati-

1191 2154 1275 2186 um
1294 2138 1477 2197 visitur,
1521 2154 1617 2187 non
1639 2135 1794 2186 minus
1819 2138 1959 2185 oculo
1985 2136 2042 2181 ab

1194 2216 1312 2261 arte,
1339 2202 1481 2266 quarn
1506 2205 1602 2252 auri
1624 2205 1680 2251 ab
1698 2203 1824 2251 Echo
1856 2197 2046 2249 mirifica
2101 2251 2104 2254 ,
2193 2251 2198 2256 ,
2280 2250 2281 2258 ἵ

1194 2267 1485 2331 stupendum.
1588 2271 1712 2317 Nam
1749 2263 1965 2331 prospicit
1985 2245 2198 2311 eszrcb.
2280 2303 2283 2317 ζ

1195 2335 1293 2381 alto
1304 2331 1523 2391 fenestra,
1556 2347 1789 2397 perquam
1810 2331 1841 2379 fi
1874 2343 2041 2379 vocem
2056 2315 2250 2385 Masurg·
2280 2352 2283 2379 i

1197 2398 1406 2454 emittas,
1436 2395 1543 2460 plus
1562 2397 1703 2461 quam
1717 2394 1933 2460 trigesies,
1952 2410 2040 2443 no-
2053 2379 2083 2433 Ῑ·
2102 2394 2143 2434 ¹·
2282 2397 2284 2406 '

1198 2477 1263 2509 vo
1290 2459 1465 2525 semper
1491 2462 1707 2527 prodigio
1723 2499 1739 2519 ,
1774 2475 1961 2509 mortua
1987 2458 2044 2507 fi-

1195 2528 1293 2575 mul
1315 2529 1367 2576 &
1388 2527 1595 2576 rediviva
1614 2565 1630 2585 ,
1660 2524 1911 2576 attonitam
1930 2526 2049 2574 rela—

1196 2590 1375 2658 bijturin
1385 2607 1557 2645 aurem.
1621 2591 1710 2644 Sed
1726 2591 1872 2643 adhuc
1882 2587 2046 2666 sonan?
2290 2628 2294 2705 1

1956 2667 2052 2706 nus
2284 2670 2287 2675 '
