2294 2933
0 674 34 744 lim

0 750 31 797 *75-
43 753 69 817 ιἱ·

21 2493 48 2543 »ὲ

19 2570 48 2642 [Α

19 2629 47 2660 [Ι

44 2668 47 2707 l

43 2850 45 2869 l

15 2874 16 2877 ¹
43 2872 44 2884 l

12 2894 19 2933 ὲ
42 2901 45 2933 l

830 95 954 147 Atlas
980 89 1306 162 Philosbpbicoerf

300 213 497 265 LEUC:
544 209 792 262 Delinefisti
822 226 1069 263 ventorum

229 283 412 337 vultus,
460 276 534 328 sed
574 277 769 325 necdum
819 280 934 326 alas:
969 283 1073 342 quis

229 347 398 396 AEolus
417 340 612 390 ventosae
639 342 741 389 huic
760 343 967 406 phalangi
998 344 1075 395 dat

229 411 488 472 impetum?
527 423 625 470 quae
655 405 783 454 causa
813 406 1074 470 impulsus?

235 483 329 521 ME
344 482 413 520 L:
453 473 645 520 Nodum
680 474 850 534 tangis,
898 471 1076 520 Gordio

231 535 468 600 supparem
480 575 491 591 ,
533 553 671 598 quem
682 538 833 599 plures
848 535 1077 583 tentarunt

231 602 406 651 frustra.
442 602 785 650 Monarchicum
802 601 969 648 AEolus
983 616 1077 646 non

230 669 368 715 habet
402 669 679 728 imperium:
744 664 843 712 sunt
873 667 1025 727 plures
1063 700 1076 719 ‚

231 746 433 794 quorum
485 744 624 777 nutus
686 729 876 776 adorant
932 730 1074 775 venti.

229 799 342 845 Nan
372 809 609 858 nunquam
639 792 841 857 spiritus,
876 809 971 856 quo
1001 793 1077 840 vel

232 862 370 909 sidera
386 863 586 922 Legatos
604 875 618 918 3
654 861 728 905 vel
749 859 938 907 Tartara
950 854 1082 905 emis-

235 923 371 973 sarios
395 926 606 986 ablegant
625 925 877 979 Satellites,
914 925 1044 970 Euris
1063 958 1078 978 ‚

235 988 524 1039 seuFavoniis
538 990 693 1035 laxant
705 989 916 1035 habenas.
956 989 1079 1049 Saepe

233 1055 428 1103 Planetae
473 1055 654 1100 turbant
712 1066 956 1099 ventorum
988 1054 1081 1099 Re-

235 1134 399 1182 gnum:
427 1134 546 1165 nunc
569 1119 691 1164 enim
703 1118 933 1179 Cynthius
952 1128 1081 1163 exte-

214 1183 345 1232 'nuat
366 1186 515 1230 a'erem
534 1219 547 1238 ‚
580 1183 751 1229 halitus
782 1179 942 1228 sufficit
961 1218 973 1236 ‚
1012 1194 1082 1227 at-

235 1263 326 1311 que
343 1262 559 1310 vapores:
595 1263 717 1295 nune
734 1247 937 1309 Cynthia
956 1243 1081 1308 spiri-

236 1325 309 1360 tus
330 1315 557 1359 concitat:
592 1311 697 1359 hinc
726 1323 858 1358 notat
870 1314 1079 1367 Maurus,

235 1389 340 1424 ante
370 1375 746 1438 Lunaedeliquia,
784 1373 858 1422 sex
891 1375 1081 1423 fereho-

236 1457 306 1489 ras
319 1477 331 1498 ‚
350 1443 625 1503 plerumque
644 1454 810 1489 ventos
828 1441 1083 1488 tumultua—

235 1509 300 1553 ri:
357 1502 430 1552 sed
459 1508 508 1554 &
541 1507 745 1553 nobilem
767 1506 964 1553 advertit
988 1511 1082 1552 An-

236 1573 383 1633 glum,
410 1571 665 1633 'syphones
679 1572 721 1617 in
734 1571 983 1617 noviluniis
998 1585 1083 1615 no-

237 1634 391 1692 &tude
400 1635 474 1682 die
484 1632 597 1682 nasci
610 1638 656 1682 in
667 1637 1084 1698 pleniluniisNunc

237 1700 567 1763 fibi-imperium
578 1713 789 1762 arrogant
810 1695 1084 1747 subterranei

238 1767 366 1829 ignes
384 1802 396 1821 ‚
423 1779 624 1827 quorum
647 1780 737 1826 ope
754 1760 1017 1826 &catadupis
1036 1779 1086 1809 e-

238 1830 381 1878 levati
398 1845 592 1890 vapores
603 1866 616 1884 ,
638 1830 808 1892 aliique
819 1832 864 1877 in
873 1831 1084 1891 hypoge-

238 1896 276 1942 is
289 1891 494 1942 rarefaffi
519 1892 719 1956 spiritus,
755 1898 961 1942 maximo
979 1908 1084 1941 cum

238 1962 416 2022 impetu
428 1996 440 2016 ,
461 1975 542 2022 per
557 1961 790 2006 montium
807 1959 1015 2022 fiphones
1035 1974 1084 2005 e*

239 2036 474 2087 rumpunt.
570 2026 707 2072 Nunc
733 2041 812 2087 per
851 2025 1084 2071 montium

238 2091 370 2152 juga,
404 2090 582 2151 liquata
598 2089 788 2151 hyems,
815 2086 989 2144 salinis,
1016 2090 1087 2134 ni-

239 2152 368 2201 trofis
386 2191 399 2211 ,
433 2153 744 2203 &flatulentis
766 2150 989 2217 spiritibus
1013 2156 1089 2200 a'e-

240 2234 338 2266 rem
359 2222 576 2266 eoncitat:
603 2219 707 2267 hinc
733 2217 886 2267 Etefiae
911 2217 1023 2265 flant
1042 2220 1088 2264 in

243 2280 456 2345 Hispania
466 2282 711 2346 &Pyr-eneis
724 2322 736 2340 ,
769 2286 824 2331 ab
837 2285 1030 2346 Alpibus
1043 2284 1088 2328 in

241 2349 408 2404 Gallia,
422 2350 466 2396 in
477 2349 682 2397 Graeciaa
694 2350 929 2396 montibus
942 2350 1089 2398 Thra-

241 2418 330 2461 ciae.
398 2416 552 2461 Verbo
572 2430 581 2459 :
635 2416 841 2464 AEoliam
859 2413 1089 2476 physicam

241 2478 271 2527 fi
294 2477 503 2540 indages,
541 2478 711 2537 dicam,
743 2482 971 2543 originem
997 2492 1090 2526 tra-

242 2545 349 2590 here
379 2545 745 2602 abiisomnibus,
784 2560 884 2607 quae
907 2545 997 2592 five
1018 2560 1090 2590 ra-

245 2605 439 2663 refacfi‘ha,
470 2607 559 2655 sive
584 2607 878 2666 condensata,
915 2610 1089 2656 tollunt

18 2655 220 2755 {bbererm
245 2673 549 2736 aequilibrium
568 2675 698 2722 aeris.
765 2677 851 2723 Fac
881 2676 1003 2721 enim
1017 2688 1091 2721 ca-

1880 106 1973 159 229

1127 216 1199 263 lor
1223 219 1441 262 extenuet
1466 211 1618 261 a'e'rem
1636 207 1840 262 maxime
1864 230 1976 262 con-

1129 277 1389 350 densatum,
1415 277 1556 325 &nisi
1574 281 1698 325 Lana
1706 277 1906 351 fiispritet
1918 279 1975 326 de
1989 299 2023 344 θ’
2048 291 2197 354 2108·-

1128 345 1232 391 lana
1261 357 1461 406 caprina,
1500 345 1740 405 occupabit
1784 342 1807 390 s
1832 356 1975 390 atium
1989 371 2085 413 22·

1132 408 1317 471 vigesies
1337 407 1503 453 millies
1516 409 1663 469 majus
1677 405 1718 454 se
1732 410 1776 469 ip
1797 425 1825 453 o
1839 424 1848 453 :
1864 407 1976 469 quid

1130 471 1242 535 ergo
1268 473 1459 527 mirum,
1497 470 1628 534 quod
1654 469 1978 535 atmosphaera,

1131 535 1248 584 adeo
1269 533 1452 583 extensa
1467 573 1479 592 ,
1501 537 1892 601 impellatpartem
1904 540 1980 583 ae-

1131 603 1190 650 ris
1211 603 1496 662 proximam,
1532 602 1622 648 haee
1648 602 1800 649 trudat
1818 599 1977 648 denuo

1131 667 1327 712 vicinam
1348 702 1361 720 ,
1382 663 1538 728 sicque
1559 662 1713 714 sensim
1737 677 1987 714 commoto.

1132 732 1305 791 majore
1325 727 1483 791 spatiO,
1516 733 1688 778 oriatur
1707 743 1888 786 ventus,
1901 731 1982 793 qui

1132 794 1285 842 eundo
1306 795 1523 855 accipiens
1551 796 1685 852 vires,
1710 793 1796 843 sese
1813 797 1981 844 fortius

1134 871 1357 922 propagat
1373 896 1386 914 ‚
1415 875 1509 906 non
1520 860 1649 907 aliter
1660 876 1708 907 ac
1732 858 1820 908 sese
1839 859 1984 908 solent

1135 923 1317 972 trudere
1354 919 1521 972 ssue‘tus
1570 961 1584 982 ,
1643 922 1800 988 sicque
1827 922 1983 972 sensim

1135 1003 1432 1036 commovere
1468 990 1741 1037 Oceanum?
1769 987 1842 1037 sed
1861 990 1983 1051 finge
1997 977 2196 1028 9ΥοΜοῡὲ

1135 1050 1290 1100 denuo
1307 1090 1318 1109 ‚
1362 1069 1466 1109 nam
1477 1054 1568 1100 haec
1586 1050 1714 1102 fiffio
1733 1055 1914 1102 docebit
1939 1068 1985 1101 te
2001 1039 2086 1096 '1³⁶-

1135 1120 1403 1172 veritatem,
1436 1115 1582 1180 finge,
1605 1120 1791 1181 inquam
1814 1157 1826 1175 ,
1851 1117 1982 1182 quod

1135 1183 1366 1229 exhalatio
1387 1220 1399 1238 ‚
1423 1180 1569 1230 subito
1595 1184 1766 1246 frigore
1783 1185 1985 1231 conden-

1136 1245 1253 1303 sata,
1284 1243 1456 1294 suamet
1489 1248 1704 1310 ponderis
1732 1251 1982 1312 gravitate,

1134 1328 1217 1360 nec
1233 1313 1366 1374 proin
1386 1314 1555 1375 absque
1573 1310 1761 1361 sensibili
1779 1315 1955 1376 impetu
1968 1321 1991 1369 ,¹

1138 1372 1163 1424 ὲ
1184 1378 1337 1439 primae
1354 1379 1553 1439 regionis
1581 1380 1750 1425 vertice
1765 1416 1778 1434 ‚
1813 1390 1914 1425 ruat
1937 1380 1986 1425 in

1137 1454 1326 1488 terram:
1365 1441 1475 1506 quid
1487 1441 1642 1489 denuo
1654 1445 1837 1498 mirum,
1852 1441 1985 1506 quod

1138 1510 1240 1553 a'ere
1261 1519 1354 1553 tam
1387 1502 1631 1568 derepente
1649 1505 1883 1555 contra&o
1898 1545 1910 1564 ,
1940 1509 1987 1553 in

1139 1573 1237 1632 ejus
1257 1572 1409 1618 locum
1432 1587 1544 1619 mox
1557 1573 1671 1619 alius
1683 1573 1870 1620 advolet
1888 1610 1901 1628 ‚
1921 1569 1986 1619 se-

1137 1631 1339 1699 cumque
1356 1637 1504 1684 trahat
1524 1634 1708 1684 affinem
1726 1640 1740 1684 ?
1778 1637 1889 1701 quid
1901 1635 1989 1683 mi·

1137 1716 1258 1756 rum,
1279 1698 1409 1763 quod
1426 1701 1517 1747 haec
1528 1698 1987 1749 succeffivacommo—

1139 1766 1206 1812 tio
1220 1777 1410 1812 ventum
1425 1765 1578 1812 eundo
1587 1779 1787 1830 generet,
1801 1768 1988 1830 qualem

1137 1827 1210 1878 hic
1231 1832 1517 1892 experimur?

1201 1896 1395 1944 LEUC:
1437 1896 1584 1957 Capio
1621 1897 1847 1958 originem
1882 1910 1988 1941 mo-

1140 1956 1241 2018 tfis,
1274 1962 1321 2006 in
1347 1968 1483 2007 motu
1505 1973 1753 2007 ventorum
1778 1959 1988 2021 genesin:

1139 2021 1212 2071 sed
1251 2040 1327 2081 eur
1352 2026 1553 2087 impetus
1573 2060 1587 2081 ‚
1629 2023 1747 2072 adeo
1775 2024 1850 2072 fibi
1881 2022 1996 2087 saepe

1145 2091 1394 2137 contrarius
1407 2091 1421 2137 ?
1441 2104 1519 2136 cur
1527 2104 1647 2137 nunc
1656 2086 1994 2144 dire&us,nunc

1145 2152 1439 2212 transversus,
1460 2170 1580 2201 nunc
1594 2154 1797 2217 placicius
1808 2155 1995 2217 Zephy-

1143 2235 1219 2266 rus
1240 2259 1247 2272 ,
1275 2234 1395 2266 nunc
1429 2220 1683 2267 fulmineus
1726 2220 1995 2282 Ecnephias‚

1143 2299 1262 2330 nunc
1287 2283 1494 2332 turbidus
1513 2285 1717 2346 Typhon
1738 2322 1750 2340 ,
1784 2299 1901 2331 nunc
1916 2285 1994 2331 fu-

1141 2362 1244 2395 rore
1263 2347 1465 2396 accensus
1484 2346 1695 2397 Praester?
1719 2357 1857 2395 Ma.
1878 2351 1994 2397 Non

1145 2412 1306 2477 eadem
1322 2411 1618 2478 atmospherae
1637 2412 1702 2462 est
1723 2411 1956 2475 dispositio
1976 2450 1992 2471 ,

1140 2493 1238 2534 non
1246 2478 1410 2531 eadem
1426 2479 1773 2527 exhalationum
1790 2480 1994 2535 Natura,

1142 2541 1224 2591 nec
1249 2543 1411 2591 eadem
1430 2545 1665 2608 agentium
1684 2545 1851 2591 virtus:
1889 2544 1995 2591 hine

1143 2624 1229 2671 pro
1258 2611 1394 2657 variis
1424 2607 1792 2663 circumstantiis,
1841 2610 1993 2655 varios

1142 2676 1269 2722 venti
1282 2670 1506 2722 affiununt
1517 2686 1692 2732 motus,
1714 2676 1764 2724 &
1776 2674 1991 2734 impetus,

1796 2739 1995 2789 ‚Flumen
