2294 2933
191 204 371 270 losophi
388 243 403 263 ‚
438 206 556 256 volo
577 206 724 258 dicere
742 245 758 266 ,
807 211 1045 273 Sapientiae

188 270 440 321 Candidati
459 270 473 320 -!
528 280 585 322 M
594 279 667 323 Εἰ.
698 290 713 317 ··
765 272 1043 324 Modestiam

193 338 383 398 probas,
427 338 535 401 quia
552 337 611 385 de
637 351 683 386 te
711 335 834 386 solus
851 351 903 387 tu
923 335 1041 388 adei>

193 397 402 449 demisse.
501 402 554 450 Id
574 415 727 451 tamen
745 419 841 450 non
862 402 1042 467 poffum

192 479 289 513 non
313 466 395 513 tibi
408 463 637 515 confidere
651 465 728 515 sub
738 466 863 524 rosa,
899 475 1039 516 Veter-

192 545 296 577 nnm
317 568 332 589 ‚
372 530 429 588 Εῇ
454 529 660 580 Philtrum
699 530 1044 593 Philosophorum

191 593 433 658 plerumque
458 598 677 655 fascinum.
793 597 1045 659 Sopiuntur

191 671 385 707 veterno
397 697 411 716 ‚
428 671 479 708 ut
489 662 768 724 Sapientiam
777 663 1040 724 negligant3

192 739 549 788 corrumpuntur
578 726 751 787 philtro
769 763 782 781 ‚
827 738 881 772 ut
915 723 1044 772 dese-

31 811 83 848 m,
112 804 156 852 8,
193 802 294 835 rant
326 791 655 852 integritatem.
725 792 832 838 Haec
881 789 1046 851 Hydra

33 863 157 924 Purif-
193 855 357 915 Magiae
376 855 551 918 biceps,
586 869 726 916 quam
745 867 798 901 ut
816 854 1042 910 debelles,

42 931 88 976 V,
191 919 417 982 Gregorio
436 935 554 982 opus
580 917 646 966 est
668 956 682 976 ,
736 916 809 965 sed
833 920 1043 966 thavma-

29 1005 66 1040 m
84 990 112 1045 Ι,
141 1005 177 1038 1.
195 994 346 1045 turgo.
416 990 542 1046 Age,
575 986 679 1046 quis
692 983 834 1032 fando
853 998 1044 1030 enume-

28 1053 176 1120 ςρῃρά,
191 1048 478 1096 retinfandas
490 1047 655 1111 strages
675 1086 689 1105 ‚
726 1050 781 1096 ab
803 1049 907 1095 otio
924 1064 1043 1095 nun-

190 1128 330 1174 quaan
347 1131 442 1160 non
455 1116 662 1176 Peripato
680 1115 828 1161 illatas
847 1114 863 1161 Ξ
901 1115 1044 1160 inter-

189 1192 327 1240 roga,
358 1178 389 1225 si
407 1181 570 1235 lubet,
605 1177 887 1235 Mellifluos‚
917 1180 1042 1250 &o-

190 1243 309 1289 tium
326 1241 478 1292 dicent
501 1245 813 1292 tentationum
843 1244 1043 1291 colluvi-

189 1320 265 1354 em
283 1343 298 1364 ,
333 1304 559 1358 summam
577 1310 744 1356 mentis
772 1309 997 1355 malitiam
1024 1342 1039 1363 ‚

188 1374 420 1420 malorum
438 1377 648 1422 omnium
660 1370 895 1429 sentinam,
912 1386 1039 1419 mor—

189 1447 286 1486 tem
298 1439 473 1487 animae.
539 1440 708 1486 Dicent
725 1440 961 1485 Daemonis
971 1439 1042 1501 ja-

185 1516 352 1560 nuam,
387 1520 479 1567 qua
497 1505 676 1552 illicitas
703 1505 1041 1573 cogitationum

187 1567 421 1617 illecebras
440 1607 455 1626 ,
484 1571 627 1617 etiam
643 1569 890 1632 put-iiiimis
910 1582 1044 1613 men-

23 1644 72 1690 n}
103 1642 177 1689 16.
191 1633 311 1680 tibus
324 1632 528 1682 instillat.
564 1630 920 1696 Chryfostomos
930 1648 1042 1679 con-

27 1737 42 1753 .
67 1708 143 1758 16,
191 1694 301 1754 sule,
319 1699 534 1748 &otium
551 1698 1042 1762 appeliabuntmalitiae

42 1789 46 1791 Δ
188 1778 287 1811 non
315 1763 464 1812 modo
499 1777 680 1827 partem
697 1801 710 1820 ,
761 1760 837 1810 sed
864 1758 1041 1810 causam

190 1840 340 1876 totam
364 1865 378 1886 ,
413 1831 662 1893 omnisque
676 1828 785 1876 mali
802 1827 1000 1876 radicem
1026 1843 1040 1873 z

187 1909 296 1940 narn
313 1930 328 1951 ‚
360 1893 618 1957 Augustino
636 1897 890 1955 Interprete
910 1929 926 1949 ,
960 1907 1042 1955 per

189 1960 341 2006 otium
367 1960 652 2007 accendimur
679 1958 734 2006 ad
759 1959 991 2004 luxuriam
1023 1993 1042 2015 ,

190 2026 446 2072 animamur
457 2025 512 2072 ad
531 2022 799 2087 superbiam,
832 2023 1041 2069 ducimur

192 2088 250 2137 ad
268 2090 432 2138 Mundi
458 2091 669 2154 gloriam.
769 2089 1000 2136 Omnium
1025 2123 1040 2145 ,

132 2197 141 2209 ‚
191 2168 309 2217 quot
321 2167 438 2218 quot
451 2158 495 2202 in
510 2150 739 2218 Prytaneo
757 2154 940 2200 aluntur
955 2155 1042 2200 So-

190 2221 458 2283 phiemeriti
478 2259 491 2277 ‚
526 2221 716 2283 exquire
731 2217 1004 2267 sententiam
1024 2256 1038 2275 ,

194 2287 244 2334 &
270 2289 422 2332 otium
431 2286 581 2334 dicent
601 2289 785 2333 Naturae
796 2285 1040 2346 pudorem,

112 2386 122 2408 ‚-
167 2394 178 2411 ,
194 2348 414 2398 sentinam
424 2353 625 2408 familiae,
644 2349 825 2397 hostem
842 2352 1040 2421 Artium,

187 2417 455 2479 ignorantiae
492 2414 758 2480 Magistram
779 2451 791 2470 ‚
839 2417 1042 2462 Genitri-

189 2497 288 2528 cem
302 2483 461 2543 inopiae
472 2519 484 2536 ‚
505 2497 712 2529 curarum
722 2479 1039 2543 prodromam,

188 2548 359 2608 ingenii
388 2542 572 2593 noeiem
594 2584 607 2603 ‚
661 2547 930 2592 morborum
967 2546 1040 2592 fo-

191 2615 354 2658 mitem
377 2649 390 2667 ,
437 2612 574 2658 animi
607 2612 868 2673 lethargum
895 2648 907 2667 ,
957 2625 1041 2673 pu-

193 2675 354 2726 dicitiae
371 2674 546 2740 pestem
563 2712 580 2733 2
614 2677 796 2726 virtutis
811 2677 1004 2726 exilium
1025 2711 1042 2735 ,

806 91 927 163 “im⁸
942 86 1245 159 rbfloffipbicae,
1269 107 1274 127 ³

1851 110 1949 165 ²95

1097 209 1320 258 vitiorum
1338 205 1588 273 hospitium
1601 250 1615 270 ‚
1649 218 1871 279 temporis
1888 219 1949 268 ti-

1097 289 1233 323 neam
1272 312 1286 332 ,
1350 275 1615 324 daemonum
1646 281 1897 342 praesidium
1929 319 1961 340 .,

1099 341 1258 387 animae
1291 340 1577 404 proditorem
1605 379 1620 399 ,
1678 355 1802 391 terrae
1838 362 1956 408 pro-

1097 406 1231 451 brum
1252 441 1266 460 ‚
1303 406 1429 454 Coeli
1442 405 1655 454 dolorem
1680 445 1695 465 ,
1728 411 1949 457 Numinis

1098 468 1260 515 odium
1271 505 1284 525 ,
1317 470 1520 520 hominis
1531 473 1627 518 vivi
1639 469 1924 535 sepulchrum
1932 510 1948 531 ,

1096 535 1269 580 mortui
1287 534 1568 585 barathrum.
1632 538 1764 606 Qid
1782 538 1949 587 addam

1097 595 1272 659 exegesi
1283 598 1388 645 huic
1409 637 1422 656 ,
1456 600 1546 648 fine
1556 599 1714 649 addito
1730 604 1949 666 prolixae?

1096 661 1240 717 illud,
1264 663 1391 725 quod
1407 664 1533 712 addit
1551 664 1760 732 constans
1772 670 1951 732 experi-

1099 727 1251 781 entia,
1289 729 1441 775 otium
1477 727 1562 776 effe
1595 730 1721 778 luem
1755 733 1950 796 Peripati

1098 789 1734 852 contagiosam,Profefforum
1746 809 1952 845 tormen-

1098 866 1201 902 tum
1226 891 1241 911 ,
1301 853 1642 920 Discipulorum
1677 863 1905 910 excidium
1936 899 1952 919 ,

1097 918 1227 981 quod
1246 919 1414 968 Christi
1426 925 1568 970 vineae
1584 937 1656 972 tot
1674 929 1806 990 eripit
1818 929 1957 976 Plan-⁷

1099 995 1193 1040 tas,
1230 997 1347 1046 quot
1367 987 1545 1048 plantat
1563 991 1679 1038 lolia
1706 1029 1718 1048 ‚
1754 989 1952 1042 steriles-

1097 1064 1190 1111 que
1225 1065 1498 1112 progenerat
1529 1056 1693 1102 urticas
1726 1071 1738 1102 ε
1767 1058 1948 1117 *tranfi'vi
1967 1058 2099 1103 Prov.
2119 1070 2196 1119 12,

1094 1126 1171 1180 per
1193 1129 1345 1180 agrum
1365 1113 1541 1164 bominis
1564 1129 1679 1184 pigri
1697 1157 1712 1180 ‚
1749 1125 1804 1180 8-5
1825 1139 1912 1170 ecce
1930 1130 1947 1171 Ι
1964 1133 2012 1171 v.
2038 1134 2120 1182 303

1095 1185 1235 1226 totum
1267 1179 1535 1242 repleverant
1566 1185 1722 1232 urtice.
1826 1188 1948 1236 Illud

1097 1241 1243 1300 addo,
1277 1244 1407 1306 quod
1424 1245 1550 1296 addit
1571 1246 1833 1301 Doctorum
1852 1259 1951 1303 An-

1095 1309 1228 1370 gelus
1241 1311 1447 1371 Aquinas
1467 1348 1481 1368 ,
1512 1315 1667 1364 otium
1684 1314 1770 1364 effe
1789 1317 1950 1367 diabo-
1961 1316 2133 1365 Bonne-

1094 1374 1130 1421 li
1163 1373 1354 1421 hamum
1378 1410 1392 1430 ‚
1434 1379 1565 1440 cujus
1591 1381 1683 1428 tale
1716 1381 1909 1433 illicium
1934 1378 2055 1442 ‚fons
2077 1383 2124 1431 iu

1096 1438 1225 1500 quod
1250 1442 1408 1488 omnia
1428 1441 1516 1490 alia
1532 1444 1847 1496 illeceBrarum
1869 1464 1952 1513 ge«
1964 1446 2058 1492 vita
2074 1459 2127 1506 7·

1095 1517 1203 1550 nera
1226 1506 1522 1554 comitantur,
1966 1513 2142 1568 Martii.-

1159 1568 1344 1619 LEUC.
1413 1574 1571 1634 Superi
1598 1571 1611 1621 Ξ
1643 1577 1781 1638 quale
1812 1592 1950 1626 mon-

1095 1629 1239 1680 strum
1267 1670 1280 1690 ‚
1313 1635 1568 1699 Gorgoneo
1600 1637 1796 1704 suppar,
1833 1645 1950 1692 Cer·-

1096 1696 1286 1761 berique
1296 1695 1322 1746 ὲ
1333 1697 1490 1764 spuma
1502 1704 1752 1765 pullulans,
1775 1720 1825 1754 tu
1834 1708 1950 1755 mihi

1095 1762 1142 1808 in
1154 1765 1256 1810 otio
1274 1764 1546 1816 adumbras?
1578 1769 1674 1831 jam
1695 1787 1791 1819 non
1806 1775 1952 1821 miror

1094 1829 1142 1873 in
1168 1829 1499 1894 thavmaturgo
1517 1833 1746 1897 Gregorio
1766 1847 1950 1886 tantum

1095 1893 1379 1943 otii‘odium:
1414 1895 1542 1946 scivit
1558 1915 1726 1964 nempe
1743 1904 1949 1952 Nutricis

1094 1962 1309 2019 geminae,
1342 1977 1483 2024 quam
1498 1961 1526 2010 a
1541 1967 1779 2016 cumbulis
1787 1969 1950 2026 coluit,

1093 2020 1355 2086 supremam
1388 2030 1634 2090 perniciem
1663 2066 1682 2089 >,
1733 2036 1950 2096 ‘sapientae

1097 2084 1259 2138 scilicet
1279 2128 1297 2148 ‚
1330 2094 1381 2143 &
1404 2098 1622 2151 ulmam.
1689 2099 1837 2160 Capio
1853 2099 1950 2148 foe-

1096 2153 1184 2202 dus
1199 2158 1423 2214 mirabile,
1456 2159 1586 2222 quod
1598 2162 1716 2210 inter
1725 2160 1767 2210 se
1778 2164 1951 2212 habent

1095 2221 1359 2282 Sophorum
1371 2225 1505 2282 vitia,
1541 2229 1794 2276 &virtutes
1812 2231 1950 2292 quip-

1094 2288 1352 2347 pememini
1365 2289 1487 2337 illius
1505 2293 1733 2353 paraenefis
1752 2332 1765 2350 ‚
1803 2310 1948 2357 quam

1094 2347 1186 2412 ipse
1202 2353 1317 2399 mihi
1339 2353 1394 2400 ad
1412 2354 1713 2419 Philosophiae
1734 2374 1845 2407 meae
1866 2376 1950 2407 ex-

1094 2415 1224 2462 ordia
1247 2432 1257 2462 :
1293 2418 1405 2483 fuge
1423 2421 1600 2478 otium,
1635 2424 1800 2484 ajebas,
1820 2424 1850 2472 fi
1874 2426 1948 2473 vis

1093 2480 1258 2529 habere
1285 2484 1542 2533 remedium
1569 2500 1726 2536 contra
1751 2489 1949 2552 Cupidi-

1095 2547 1167 2594 nis
1187 2549 1277 2595 tela
1298 2586 1312 2605 ‚
1362 2552 1461 2612 quae
1484 2566 1579 2598 non
1612 2553 1691 2600 nisi
1722 2553 1964 2602 industriae—

1096 2614 1260 2674 clypeo
1299 2616 1597 2676 repelluntur.
1691 2621 1946 2666 Luxuriam

1096 2673 1205 2726 scito
1236 2675 1446 2732 sobolem
1471 2716 1485 2741 ‚
1531 2683 1660 2748 cujus
1696 2688 1856 2755 Mater
1879 2681 1947 2731 est

1790 2759 1948 2802 ouum
