2294 2933
833 105 913 172 x<
968 107 1180 168 (181)
1248 105 1315 171 Ξέε

533 238 915 323 JANUS
992 236 1612 313 BIFRONS‚

285 534 636 661 DIS
685 534 785 660 o
847 424 1227 705 usius
1278 534 1508 661 us
1640 531 1877 659 lx.

203 873 859 985 TEMPORE,
932 881 1018 966 ὃ(
1076 873 1959 976 AETERNITATE.

395 1109 796 1159 EUCOTHEUS.
894 1105 1056 1173 Papae!

429 1175 557 1238 quod
596 1187 647 1222 tu
687 1177 801 1222 mihi
836 1175 1054 1238 hierogli-

225 1115 266 1361 Ι
416 1241 615 1304 Ῥὴίεωτῑ
669 1236 846 1288 schema
888 1242 904 1288 ?
968 1255 1054 1287 no-

427 1320 540 1352 vum
575 1321 634 1352 ex
672 1302 879 1353 fabulosa
921 1306 1054 1354 Anti-

430 1370 953 1433 tiquitateportentum?
981 1372 1058 1432 Ja-

207 1434 320 1484 n'um
332 1435 588 1483 Bifrontem
599 1434 706 1499 lego
720 1474 732 1492 ‚
753 1435 920 1484 Mundi
937 1432 1058 1497 sym.-

209 1502 372 1548 bolum
401 1500 414 1558 ’,
452 1499 758 1549 fiOratorum
787 1503 977 1563 Principi
1002 1497 1058 1546 fi-

210 1565 290 1614 des
315 1582 328 1613 :
383 1581 518 1630 utpote
546 1570 614 1627 qui
638 1570 679 1614 in
701 1569 849 1614 Orbem
873 1562 1057 1612 continu&

22 1660 24 1667 =
68 1641 75 1649 '
115 1671 129 1685 .
211 1635 408 1679 volvitur
429 1662 450 1689 ,
496 1633 541 1682 ξιξ
563 1649 613 1678 ex
621 1631 666 1693 sb
687 1634 850 1679 initium
859 1633 1021 1692 faciens
1040 1661 1061 1687 ,

211 1699 253 1744 in
274 1695 319 1758 se
341 1697 555 1755 refertur:
621 1697 750 1758 cujus
789 1697 966 1758 templo
1004 1695 1060 1742 il-

207 1761 293 1810 lud
312 1763 503 1824 aenigma
521 1777 615 1808 non
642 1759 884 1808 immerito
914 1761 1057 1823 appli-

210 1842 283 1874 ces
305 1863 320 1883 ‚
367 1824 495 1889 quod
517 1825 756 1887 quondam
775 1822 951 1888 AEsopo
975 1828 1061 1872 So-

209 1889 555 1956 phistaquidam
567 1893 841 1954 AEgyptiusz
863 1889 928 1938 est
942 1904 1062 1938 tem-

210 1957 344 2020 plum
375 1955 544 2019 grande
582 1956 606 2013 (
631 1956 863 2004 Mundum
889 1956 1064 2003 intelli-

211 2037 275 2085 go
294 2025 317 2084 )
354 2021 590 2082 intemplo
609 2022 852 2076 columna,
881 2019 1061 2067 duode-

212 2087 303 2134 cim
323 2087 492 2133 habens
511 2086 656 2133 Urbes
695 2085 780 2145 (id
803 2082 867 2131 est
890 2101 1061 2146 annus,

211 2150 458 2198 duodecim
484 2151 656 2198 habens
684 2147 857 2197 menses
878 2154 905 2213 >
941 2151 1063 2198 Urbs

214 2217 426 2278 quaelibet
448 2217 632 2278 triginta
648 2217 849 2263 trabibus
867 2215 1063 2275 (diebus

215 2280 416 2344 scilicet)
446 2278 706 2328 sustinetur:
744 2282 894 2328 trabes
914 2318 930 2337 ,
964 2280 1061 2326 duae

212 2346 494 2393 circumeunt
515 2347 754 2402 mulieres,
777 2341 963 2392 noc’tem
976 2362 1061 2408 pu-

215 2422 291 2466 ta,
329 2408 560 2471 diemque,
591 2426 688 2472 qua:
710 2409 784 2458 sua
796 2408 1060 2458 viciffitudi-

213 2476 504 2523 neMun'dum
520 2488 759 2523 exornant.
795 2482 1060 2525 slslELAN—

216 2546 356 2588 DER.
418 2543 698 2602 Nonignota
718 2542 948 2602 loqueris,
981 2555 1062 2586 nec

217 2603 397 2651 etiamn
421 2601 553 2666 scopo
584 2608 690 2652 meo
717 2607 918 2661 aberras,
955 2617 1060 2651 utut

219 2665 442 2731 punctum
480 2685 576 2717 non
606 2670 758 2718 ferias.
854 2672 1017 2734 Janum
1048 2707 1060 2726 ‚

1112 1107 1235 1172 quafi
1253 1109 1427 1155 Eanum
1455 1145 1469 1164 ,
1519 1109 1573 1156 ab
1600 1110 1752 1157 eundo
1778 1109 1964 1159 deducit

1112 1175 1413 1236 etymologus
1439 1175 1602 1222 Cicero
1621 1211 1634 1230 ,
1696 1176 1927 1224 Mundum
1947 1215 1963 1234 ,

1114 1238 1205 1286 five
1227 1240 1420 1286 Coelum
1439 1276 1455 1295 ,.
1487 1252 1540 1286 ut
1569 1241 1633 1287 ais
1657 1277 1669 1296 ,
1703 1241 1929 1289 denotans
1950 1278 1963 1299 ,

1113 1305 1334 1366 temporis
1357 1301 1629 1352 mensuram.
1678 1307 1770 1353 Alii
1792 1323 1872 1369 per
1888 1309 1965 1369 Ja-

1113 1383 1225 1415 num
1253 1367 1419 1416 melius
1434 1367 1579 1432 ipsum
1600 1373 1963 1433 tempusintelli-

1114 1446 1231 1496 gunt
1250 1471 1262 1490 ,
1300 1435 1427 1496 quod
1451 1436 1612 1498 utique
1635 1436 1787 1483 eundo
1809 1439 1963 1484 volvi-

1115 1512 1188 1545 tur
1207 1536 1219 1554 ,
1256 1496 1531 1562 Orbemque-
1552 1498 1728 1564 Sisyphi
1753 1502 1809 1548 ad
1829 1499 1964 1551 instar

1115 1565 1290 1611 volvit:
1325 1567 1428 1611 hinc
1458 1563 1649 1613 afferunt
1672 1566 1926 1615 bifrontem
1948 1606 1962 1626 ,

1115 1628 1238 1692 quafi
1255 1629 1344 1677 unfi
1363 1631 1519 1678 fronte
1547 1628 1759 1694 aspiceret
1778 1644 1966 1696 tempus

1114 1690 1301 1756 praelens
1313 1695 1452 1742 alterfi
1465 1694 1736 1759 prospiceret
1760 1698 1963 1746 futuram

1114 1760 1427 1807 aeternitatem.
1459 1760 1552 1809 ,Sed
1567 1763 1811 1810 mittamus
1830 1764 1964 1811 fabu-

1112 1820 1264 1871 losum
1283 1828 1500 1873 corticem
1525 1864 1541 1884 ‚
1588 1829 1638 1876 &
1656 1830 1786 1874 Duce
1809 1829 1962 1876 Philo-

1116 1886 1259 1951 sopho
1275 1929 1287 1947 ‚
1320 1893 1524 1938 veritatis
1544 1893 1757 1939 nucleum
1783 1896 1964 1942 excuia-

1115 1969 1218 2001 mus
1248 1992 1259 2011 ‚
1294 1959 1546 2015 Naturam,
1580 1954 1769 2015 scilicet,
1814 1974 1965 2024 tempo-

1115 2037 1226 2066 TISAC
1244 2035 1499 2068 aetermtatts.

1178 2086 1323 2132 L-EU
1338 2088 1396 2134 C.
1437 2087 1685 2134 Meliorem
1705 2087 1750 2133 in
1785 2090 1830 2136 S.
1852 2090 1964 2136 Fur-

1116 2147 1190 2197 feo
1208 2151 1389 2212 Janum,
1410 2152 1526 2198 aetati
1541 2149 1703 2198 nostrae
1716 2155 1962 2215 proponis:

1115 2214 1174 2261 <le
1191 2213 1444 2278 hoclegiffe
1462 2232 1542 2263 me
1559 2218 1751 2263 memini
1781 2255 1793 2274 ‚
1830 2217 1962 2281 quod

1115 2279 1143 2327 ὲ
1159 2276 1379 2327 severiore
1389 2280 1571 2329 Pallade
1584 2320 1596 2339 ,
1638 2282 1692 2328 ad
1704 2283 1745 2329 S.
1762 2285 1963 2345 Scriptu-

1115 2361 1171 2391 rae
1184 2347 1360 2407 pulpita
1375 2347 1570 2403 delatus,
1595 2344 1819 2394 solidioris
1832 2364 1962 2395 amo-

1115 2413 1410 2472 re-Sapientiae
1423 2413 1477 2460 fic
1492 2409 1726 2467 exarserit,
1759 2426 1812 2460 ut
1834 2413 1961 2471 dum,

1115 2474 1292 2537 Phyficfi
1319 2476 1471 2524 fronte
1490 2515 1501 2533 ‚
1555 2476 1708 2540 caduci
1742 2479 1965 2540 temporis

1115 2542 1386 2588 brevitatem
1410 2537 1578 2605 spectat
1592 2579 1604 2597 ‚
1631 2545 1792 2588 morali
1807 2541 1963 2599 altera,
1979 2549 1984 2552 ’

1116 2607 1412 2654 aetern3tatem
1437 2607 1822 2667 contemplaretur
1845 2645 1856 2662 ‚
1891 2605 1962 2653 Γετε-

1115 2687 1174 2734 pe
1192 2672 1238 2715 in
1253 2675 1380 2720 terris
1405 2669 1707 2736 Philosophus
1731 2709 1743 2729 ,
1774 2670 1882 2734 saepe
1903 2673 1964 2718 E-

1177 2736 1221 2784 Z
1263 2750 1289 2795 3
1813 2735 1966 2783 thicus
