2294 2933
782 96 923 155 Hydrae
980 94 1104 157 nostri
1154 95 1384 159 Temporis,

225 212 304 263 sub
316 211 509 279 specioso
519 214 743 277 gloriatur
752 210 1070 277 pietatis'sche-

225 294 374 329 mate:
437 280 550 326 dum
588 281 632 326 in
689 275 1068 328 Christianiffimo

223 350 411 409 Regno,
434 341 586 401 suurn,
624 357 754 392 tanto
776 340 1068 407 cumplausu,

223 410 405 460 firmare
418 412 610 458 tentavit
624 408 811 458 solium:
855 407 969 456 dum
989 424 1071 455 eo-

225 476 332 523 dem
345 478 509 523 robore
520 513 532 532 ,
561 491 656 538 quo
669 476 808 523 toties
829 474 1070 536 impugna-

227 552 273 589 ta
290 579 302 598 ,
321 543 417 603 jam
429 539 567 603 ipsam
580 537 1070 603 oppugnarepraesum-

225 605 310 668 psit
340 605 594 653 Ecclesiam.
673 605 803 675 Qid
825 616 982 666 putas,
1012 602 1068 648 ad

226 672 314 719 hos
360 669 567 718 scelestos
603 668 733 718 ausus
765 668 1068 731 cogitaverint

228 736 472 785 Clodovaei
486 773 499 792 ‚
515 735 742 782 Ludovici
757 772 768 791 ‚
788 734 981 796 Philippi
998 748 1077 779 au-

229 799 350 865 gusti
380 802 575 854 cineres,
611 814 813 863 quorum
840 801 886 846 in
916 809 1079 845 exant-

229 865 378 914 landis
411 881 495 928 pro
523 863 616 912 fide
653 866 885 912 laboribus
912 900 925 919 ‚
971 863 1077 910 viva

230 932 487 979 etiamnum
504 931 629 993 viget
641 932 686 977 in
707 928 971 992 posteritate
981 943 1079 975 me-

232 997 398 1044 mor-ia.
485 997 624 1063 Qos
660 992 806 1042 sensus
839 994 1079 1041 habuerint

233 1060 466 1108 Ludovici
489 1062 650 1124 Magni
671 1061 864 1108 maximi
887 1062 1050 1107 Manes
1066 1094 1079 1113 ‚

236 1141 334 1189 quo
370 1123 517 1173 stante
540 1126 707 1189 jacuit,
747 1141 844 1188 quo
871 1127 1048 1187 jacente
1067 1159 1080 1178 ‚

234 1192 406 1254 erigere
423 1187 464 1237 se
486 1188 534 1238 se>
549 1192 748 1238 tentavit
763 1188 958 1252 Jansenii
969 1190 1082 1234 Ler-

236 1270 331 1303 neae
354 1253 511 1318 pestis:
535 1255 590 1302 ad
605 1257 734 1318 qu'us
767 1255 950 1302 inferias
969 1267 1082 1299 mox

233 1321 438 1370 ‘intonuit
464 1320 650 1368 Haeresis
668 1317 909 1367 'funestum
929 1318 1084 1366 Patriae

239 1379 419 1434 afflictae
443 1383 642 1433 Lessum.
727 1394 802 1434 M
816 1392 851 1432 E
862 1390 917 1433 L.
956 1386 1082 1431 Into-

239 1452 367 1498 nuit:
405 1447 479 1497 sed
497 1466 599 1513 quae
620 1451 765 1513 Regni
792 1450 929 1510 hujus
952 1448 1084 1495 nobi-

238 1510 393 1570 liffimi
423 1516 611 1572 Gloria,
656 1513 818 1564 frustra
849 1514 1082 1562 intonuit:

240 1579 547 1643 tripudiarunt
574 1578 775 1643 *jansenii
807 1578 986 1627 Affeclae
1030 1576 1086 1623 ad

240 1643 397 1694 Patriae
424 1641 872 1709 lu&us‚-j·ubilarunt
900 1644 955 1691 ad
984 1645 1088 1691 Ma-

241 1711 396 1772 jorum
420 1712 647 1768 lamenta,
686 1709 856 1758 vitiosis
885 1706 1090 1756 cumula-

244 1788 350 1822 runt
363 1773 592 1838 praemiffis
616 1772 852 1839 praemissas
872 1791 883 1821 t
919 1775 1087 1837 gloria-

245 1843 283 1887 ti
309 1839 411 1888 sunt
431 1840 650 1904 Sophistae
668 1840 886 1902 sacrilegi,
909 1839 980 1887 sed
991 1840 1089 1886 fru-

245 1905 334 1953 stra
355 1904 459 1954 sunt
486 1908 697 1970 gloriati:
733 1908 878 1954 faxim
901 1943 913 1961 ‚
942 1915 1091 1951 vertet

246 1973 353 2020 Sors
365 1973 493 2020 brevi
506 1973 626 2020 vices
640 2008 654 2030 ,
682 1970 829 2035 iisque
848 1967 1092 2018 infaustam

245 2038 334 2085 hoc
362 2037 551 2086 tandem
586 2050 795 2101 ternpore
826 2036 954 2083 dabit
984 2050 1093 2081 con-

247 2102 508 2151 clusionem.
543 2103 671 2175 Qid
684 2105 804 2150 enim
816 2102 973 2148 mitius
986 2114 1096 2163 prae-

250 2165 390 2231 sagire
401 2181 538 2231 queat
552 2173 803 2231 Per-ipatus,
815 2167 926 2214 dum
939 2178 1096 2229 praeter

245 2233 346 2296 jam
362 2231 512 2282 <fletos
528 2250 700 2281 errores
721 2271 733 2289 ,
756 2246 955 2296 quatuor
975 2247 1095 2293 quo-

252 2313 344 2361 que
368 2301 578 2347 *terminis
617 2297 889 2362 Jansenianae
930 2299 1095 2342 vitian-

255 2375 334 2410 tur
357 2363 609 2426 praemiffae.?
649 2376 850 2427 quatuor
873 2363 1100 2423 terminos

254 2429 518 2486 continent,
551 2429 664 2477 dum
685 2431 890 2477 continet
920 2423 1102 2490 Episco-

259 2511 346 2557 pos
369 2507 570 2556 quatuor
587 2497 894 2557 appellantes:
934 2495 1101 2540 vitium

261 2558 294 2607 si
325 2561 475 2620 cupis,
516 2558 581 2607 est
609 2565 846 2624 appellatio,
889 2575 978 2621 qua
1003 2573 1101 2603 me-

260 2625 365 2672 dius
401 2621 617 2672 doeirinae
653 2626 848 2687 novellat
878 2626 1101 2671 terminus

261 2692 359 2754 jam
387 2691 443 2738 ab
463 2706 561 2738 uno
596 2692 794 2755 appellat
815 2688 871 2737 ad
894 2690 1017 2739 aliud
1036 2727 1049 2747 ‚
1079 2688 1105 2735 a

1868 111 1965 165 437

1125 210 1343 263 Pontifice
1377 213 1435 261 ad
1474 214 1760 273 Concilium,
1803 216 1858 263 ab
1885 217 1964 264 Ec-

1124 278 1252 328 clesia
1300 276 1496 342 dispersa
1543 279 1598 325 ad
1626 292 1968 344 congregatam.

1123 348 1306 394 Vitium
1334 344 1422 392 hoc
1442 344 1576 391 debet
1594 343 1853 407 jansenius,
1875 362 1970 393 non

1124 408 1279 460 minus
1322 409 1496 458 vitiosis
1524 410 1571 456 in
1607 416 1719 458 Arte
1739 410 1970 472 Magisttis

1123 476 1336 539 Pelagio,
1391 487 1532 537 atque
1583 475 1794 522 Luthero
1839 474 1973 537 (pro

1125 553 1298 604 quanta
1307 539 1720 602 nomina‚gloriofis
1732 536 1975 587 illustriora

1123 606 1366 662 incendiis,
1390 604 1530 668 quam
1555 604 1581 651 a
1598 605 1807 652 fumente
1822 606 1974 651 Hero-

1122 669 1287 719 stratus
1312 667 1511 732 Epheso!
1550 668 1637 732 pro·
1656 680 1857 732 quantos
1877 671 1974 717 He-

1131 751 1260 792 roas,
1293 737 1549 798 Gigantum
1576 735 1796 790 Soboles‚
1855 749 1976 797 quo-

1132 816 1238 848 rum
1267 802 1312 847 in
1325 799 1638 863 oppugnando
1656 801 1776 862 Jove
1802 802 1978 847 Roma-

1134 882 1195 913 no
1220 868 1531 921 temerariam,
1576 864 1892 913 &inauditam
1908 865 1978 913 fe-

1134 933 1305 979 rociam
1333 927 1425 976 sera
1450 927 1658 991 stupescit
1700 928 1978 993 Posteritas)

1134 997 1204 1043 his
1264 995 1400 1041 debet
1463 995 1552 1041 hoc
1597 996 1765 1041 vitium
1800 1031 1812 1050 ,
1885 997 1978 1058 jam

1136 1064 1180 1108 in
1194 1060 1351 1123 elapsis
1373 1060 1552 1107 Saeculis
1575 1058 1600 1106 Ξι
1618 1058 1877 1107 Christiano
1899 1063 1980 1107 Pe-

1135 1128 1285 1189 ripato
1329 1121 1594 1180 deteffi’tum,
1631 1128 1680 1173 &
1704 1125 1981 1171 condemna-

1137 1204 1255 1239 tum.
1324 1190 1589 1252 Appellavit
1621 1205 1725 1242 cum
1747 1187 1832 1237 suis
1853 1191 1982 1237 Pela-

1138 1259 1269 1321 gius,
1300 1254 1530 1317 petiitque
1563 1259 1782 1302 Concilium
1804 1252 1983 1317 legitime*

1139 1335 1418 1383 congregatum
1463 1323 1503 1365 in
1530 1323 1610 1365 loco
1639 1320 1777 1380 securo
1807 1338 1819 1367 :
1878 1334 1984 1367 eos—

1138 1386 1245 1434 dem
1275 1385 1497 1432 terminos
1531 1380 1714 1446 usurpat
1741 1382 1979 1448 Jansenius

1139 1453 1187 1499 in
1221 1447 1308 1498 suis
1340 1446 1523 1498 Affeclis
1566 1447 1840 1511 posthumus
1869 1466 1879 1496 ε
1933 1451 1984 1498 &

1143 1515 1254 1579 quid
1268 1516 1437 1561 mirum
1452 1550 1465 1569 ,
1493 1513 1523 1560 fi
1536 1511 1797 1576 Discipulus
1809 1515 1987 1576 juret'in

1144 1580 1208 1630 sui
1229 1581 1363 1629 verba
1391 1577 1632 1641 Magistri?
1664 1580 1895 1628 Lutherus
1919 1581 1989 1639 iffi-

1145 1645 1299 1694 audita
1326 1641 1560 1692 Protervia
1599 1645 1826 1692 calamum
1855 1644 1988 1692 strin-

1145 1712 1215 1759 xit
1252 1712 1298 1756 in
1317 1705 1460 1772 ipsum
1488 1706 1778 1757 Pontificem:
1807 1712 1853 1758 in
1875 1725 1986 1757 eun-

1145 1778 1250 1824 dem
1271 1790 1365 1822 non
1393 1789 1536 1821 unum
1557 1812 1570 1830 ,
1603 1771 1673 1820 sed
1706 1777 1858 1837 plures
1870 1776 1989 1822 cala-

1146 1857 1250 1889 mos
1279 1838 1506 1902 stringunt
1556 1837 1749 1901 Jansenii
1786 1837 1995 1900 Affeclae,

1146 1919 1384 1968 nunquam
1413 1900 1558 1966 magis
1599 1908 1740 1962 acuti,
1775 1919 1926 1968 equam
1959 1903 1990 1952 fi

1149 1972 1349 2024 calamos
1398 1971 1445 2016 in
1487 1968 1757 2019 Pontificem
1804 1982 1988 2018 acuunt.

1149 2036 1384 2084 Lutherus
1412 2072 1424 2090 ‚
1490 2031 1567 2080 sub
1616 2032 1813 2098 specioso
1855 2032 1993 2082 titulo

1149 2102 1331 2165 pietatis
1343 2136 1356 2157 ‚
1377 2115 1462 2163 pro
1470 2100 1689 2152 Veritatis
1709 2099 1968 2150 defensione
1981 2137 1995 2156 ‚

1150 2165 1346 2215 Ecclesia:
1369 2166 1596 2222 utilitate,
1636 2181 1716 2213 nec
1738 2167 1828 2214 fine
1841 2164 1995 2213 debita

1149 2233 1366 2281 simulatae
1396 2231 1563 2278 mentis
1612 2228 1925 2287 submiffione‚
1971 2229 1998 2278 a

1151 2298 1323 2344 Leonis
1349 2295 1554 2343 Bulla‘acl
1576 2296 1783 2343 futurum
1794 2297 1996 2359 appella-

1154 2364 1222 2409 vit
1246 2362 1530 2411 Concilium:
1551 2361 1713 2411 iisdem
1726 2362 1899 2418 titulis,
1919 2363 1998 2408 iis-

1156 2428 1263 2476 dem
1298 2427 1502 2474 terminis
1540 2428 1786 2490 appellant.
1866 2430 1999 2494 Qa-

1157 2494 1385 2541 tuor-Viri
1417 2493 1578 2540 Galliae
1599 2491 1914 2553 protestantis:
1939 2491 1997 2541 ⁴&

1156 2557 1266 2621 quid
1286 2559 1479 2612 mirum,
1514 2555 1644 2620 quod
1666 2558 1785 2605 idem
1801 2559 1996 2613 vitium,

1157 2623 1323 2671 elidem
1350 2625 1649 2677 anathematis
1675 2622 1909 2685 stigmate,
1943 2622 1995 2668 sit

1155 2690 1488 2738 fulminatum?
1526 2688 1616 2737 Sed
1641 2689 1752 2753 quid
1775 2704 1863 2751 ego
1893 2688 1991 2733 vitii
2063 2724 2067 2727 .

1223 2757 1243 2802 1
1267 2754 1315 2802 ii
1336 2768 1361 2814 3
1776 2765 1787 2773 ·
1864 2766 1994 2799 accu-
