2294 2933
950 64 1128 133 Coloffics
1157 68 1369 134 Mysticm.
1943 74 2004 127 65

249 182 450 294 ‘gadam
462 219 475 238 ,
508 180 654 230 clausa
666 182 780 232 vero
794 183 843 231 in
854 199 997 234 annos
1005 186 1104 234 Nc-

297 247 388 294 oris
400 243 735 295 conserventur.
799 251 1103 298 Hancnucem

252 311 492 368 mordent,
525 314 606 374 qui
622 310 855 361 mordiciis
875 313 1102 362 adhaerent

246 376 458 438 Peripato
471 413 483 431 ,
507 392 588 423 nec
598 376 687 425 fine
699 377 862 426 dolore
874 379 1099 434 dentium,

253 441 304 488 &
331 443 541 503 gingivae.

295 506 491 554 LEUC÷
538 503 745 568 Ignosce,
786 502 1100 554 Atomismum

250 570 348 616 olet
359 569 430 616 hic
441 569 558 617 odor
577 608 589 627 ,
619 573 700 632 qui
717 570 806 617 sine
818 572 985 616 atomis
1004 586 1100 616 non

249 646 542 697 propagatur.
628 642 771 682 MEL.
802 637 885 680 Nae
900 631 1100 683 tunasu-

249 710 322 746 tus
350 716 407 746 ex
427 697 557 762 supra
579 698 968 749 Rhinocerotem:
1007 698 1097 744 cla-

246 765 545 812 masillorum
570 764 815 817 clamores,
844 763 923 824 qui
949 762 1006 809 ad
1019 777 1097 808 cu-

244 828 392 889 jusvis
410 825 660 891 corpusculi
680 842 867 882 nomen,
879 842 994 873 mox
1011 829 1094 874 Pe-

242 895 446 954 riparum
457 895 685 941 ruiturum
698 892 1000 954 proclamant.
1010 892 1091 938 Nil

240 955 315 1004 hic
335 957 522 1013 decido,
552 968 761 1005 mentem
793 971 946 1002 meam
963 954 992 1002 si
1013 970 1091 1004 cu-

241 1024 336 1084 pis,
372 1021 429 1069 ad
448 1022 660 1072 incudem
690 1022 798 1067 alibi
826 1022 962 1068 mitte
994 1016 1090 1066 sen-

240 1088 447 1142 tentiam,
478 1089 528 1135 &
552 1086 857 1133 malleabitur.
923 1084 974 1132 Id
992 1085 1088 1145 jam

238 1149 395 1198 dixisse
407 1148 596 1198 sufficiat
613 1188 626 1207 ,
659 1151 815 1197 odoris
824 1150 1092 1212 phaenome-

235 1231 318 1272 na,
353 1217 493 1264 etiam
513 1228 646 1264 extra
666 1216 928 1277 Peripatum
945 1252 958 1270 ‚
991 1230 1086 1261 non

173 1306 177 1309 <
236 1279 442 1333 destituti
460 1279 832 1343 congruagenefi.
899 1276 1085 1331 Moscus

236 1346 420 1393 Indicus
433 1361 543 1398 ¹non
560 1345 640 1393 nisi
662 1348 709 1391 in
734 1342 937 1395 Patrocli
964 1341 1084 1398 sellis

233 1407 485 1473 pretiosum
497 1407 630 1472 spirat
641 1409 836 1461 odorem
854 1446 867 1466 ,
895 1421 1084 1472 propter

232 1475 580 1538 antiperistafin:
619 1475 796 1527 ¹ambrae
818 1473 1040 1538 particula
1068 1510 1082 1530 ,

231 1543 468 1604 geminum
481 1538 690 1595 lustrum,
719 1541 911 1587 minutis
931 1539 1083 1601 singu-

231 1607 288 1653 lis
302 1643 314 1661 ‚
357 1604 655 1667 siquelingua
675 1616 861 1653 utamur
879 1619 1080 1667 gnomo-

229 1668 350 1725 nica,
372 1673 511 1717 etiam
539 1668 742 1717 secundis
759 1707 772 1725 ,
814 1666 1080 1731 corpuscula

229 1731 604 1797 quaquaversum
631 1730 824 1797 exspirat
859 1735 913 1780 in
957 1735 1080 1780 orbi-

227 1811 329 1848 tam
343 1836 354 1855 ,
382 1812 570 1862 propter
581 1797 884 1849 subtilitatem
894 1795 1078 1861 prorsus

224 1862 496 1926 stupendam
507 1901 519 1920 ‚
551 1880 642 1926 qua
652 1862 827 1915 constat
838 1860 1077 1925 corpuscu-

223 1929 325 1975 lum
349 1926 546 1975 sensibile
574 1931 758 1981 unicum
777 1930 823 1980 in
841 1929 1075 1976 milliones

222 1989 544 2040 insensibilium
572 1994 798 2055 plurimos
822 1990 869 2044 *se
893 1991 936 2040 se
954 1992 1076 2039 divi-

220 2058 450 2107 dere.Hoc
462 2060 540 2120 qui
552 2074 666 2121 nega
672 2055 1075 2114 nfidenmxuthori-

223 2124 307 2170 bus
322 2122 1074 2185 denegat,quameliorem'necdar

223 2185 491 2250 bitipse‚nec
515 2189 666 2236 habet.
731 2188 853 2237 Audi
871 2189 1072 2239 Grimal—

224 2253 337 2301 dum
367 2293 374 2307 ,
412 2268 553 2316 quem
583 2252 766 2316 infignis
793 2254 1072 2315 experientia

224 2316 389 2370 testem
407 2319 530 2375 facit,
543 2321 670 2368 omni
690 2321 961 2380 exceptione
972 2333 1071 2366 ma-

221 2385 394 2444 jorem3
431 2385 493 2430 ait
518 2385 621 2439 ille,
651 2382 1069 2446 lignum-Brasilum

218 2450 489 2508 neutiquam
524 2448 830 2504 diminutum,
879 2447 957 2495 etsi
987 2465 1069 2495 ex-

221 2508 365 2562 tra-csta
374 2512 456 2562 sint
476 2510 1067 2575 sexagies‚nonagies,quin-,-

219 2577 350 2637 quies
369 2577 534 2627 millies
564 2579 751 2625 millena
789 2577 1064 2638 corpuscula,

215 2640 357 2701 Sabaei
395 2640 634 2693 odoriferis
680 2656 806 2693 terrae
823 2687 829 2692 .
846 2643 1063 2698 halitibus

1157 178 1398 245 stupefacti
1421 221 1434 240 ‚
1488 181 1711 246 sulphuris
1737 185 2007 251 hireinaecjue

1154 249 1299 296 barbae
1309 245 1464 298 suffitu
1475 246 1517 295 se
1529 262 1745 298 recreant.
1821 254 1892 300 Sic
1904 260 2004 300 me-

1155 314 1597 361 morantMenalcam
1616 351 1629 369 ,
1654 315 1899 377 fragrantia
1908 317 2005 363 bal-

1158 377 1292 433 sami,
1328 376 1502 440 paffum
1519 379 1636 425 olim
1647 379 2003 441 deliquium‚nec

1154 441 1234 489 nisi
1261 439 1395 490 suetis
1418 443 1817 505 Augiaearomatis,
1839 444 1894 492 ad
1916 445 2004 491 ho-

1155 508 1330 554 minem
1356 506 1514 555 denuo
1539 506 1729 555 rediiffe.
1808 508 2005 583 Imouffl:

1154 573 1285 619 Veris
1298 571 1489 628 deliciae,
1527 575 1657 619 omni
1687 571 1794 620 naso
1811 575 1999 623 deliciae:

1155 635 1268 698 quid
1286 639 1516 683 amoenius
1543 636 1673 684 rosa?
1721 639 1776 684 ab
1795 640 1918 686 illius
1930 651 1999 685 ta-

1151 715 1259 746 men
1272 699 1417 746 odore
1427 700 1482 747 sic
1516 701 1790 749 abhorruisse
1801 704 1998 766 legimus

1151 764 1415 811 Oliverium
1450 763 1677 812 Caraffam
1713 803 1725 822 ‚
1789 779 1841 815 ut
1866 768 1999 817 Veris

1150 839 1362 890 tempore
1380 829 1530 878 Roma
1549 827 1771 878 secederet
1784 869 1796 887 ,
1824 831 1998 880 armati

1145 891 1347 940 custodia
1400 893 1454 940 ad
1501 895 1717 942 conclave
1756 900 1993 959 purpurati

1143 959 1356 1020 Principis
1385 960 1663 1015 excubante,
1679 977 1743 1008 -ne
1763 963 1865 1024 qui-s
1885 959 1990 1008 lios-

1142 1024 1292 1084 pitum
1315 1021 1464 1070 rosam
1485 1025 1672 1073 inferret
1695 1062 1707 1081 ‚
1751 1024 1993 1089 ingratissi—

1143 1102 1267 1134 mam
1276 1085 1521 1150 hospitem.
1551 1090 1793 1153 Barbarigo
1805 1090 1993 1163 sensum,
2005 1117 2201 1166 Cromen

1143 1153 1394 1200 Laurentio
1403 1154 1747 1202 Uratisl'aviensi
1766 1159 1906 1204 etiam
1923 1173 1993 1209 vr-

1144 1229 1239 1264 tam
1251 1218 1416 1282 eripuit
1431 1216 1637 1270 rosarum
1654 1219 1843 1278 odor,ut
1861 1222 1997 1284 proin

1140 1281 1309 1330 merito
1328 1284 1376 1332 ,in
1393 1285 1574 1334 clibano
1592 1321 1605 1339 ‚
1659 1285 1815 1336 calidis
1845 1288 1987 1339 etiam

1136 1348 1376 1409 lacrymis,
1415 1350 1609 1401 eluerint
1627 1361 1808 1397 tantum
1827 1348 1985 1402 scelus.

1138 1412 1186 1459 id
1198 1412 1320 1460 addo
1340 1413 1366 1473 <
1380 1413 1607 1476 quidquid
1630 1413 1682 1461 sit
1698 1414 1988 1467 denatura&

1137 1477 1327 1540 indole)
1368 1478 1526 1525 odoris
1569 1478 1751 1542 genesin
1781 1497 1875 1528 non
1897 1479 1984 1529 effe

1136 1542 1215 1589 nisi
1236 1542 1495 1590 exhumido
1513 1580 1527 1599 ,
1559 1546 1624 1590 ita
1644 1557 1799 1593 tamen
1821 1559 1873 1593 ut
1889 1548 1981 1609 pri·-

1135 1610 1334 1654 marianr
1344 1607 1422 1654 fibi
1434 1605 1577 1655 filiam.
1609 1609 1840 1658 vindicent
1859 1613 1982 1659 calor

1137 1674 1186 1720 ὃ(
1204 1672 1371 1720 sicci-tas
1384 1711 1396 1729 ,
1421 1675 1502 1735 qui
1526 1673 1722 1722 humido
1739 1676 1985 1738 praedomi-

1134 1748 1319 1784 nantur:
1353 1738 1558 1794 hincilli,
1579 1740 1744 1800 quibus
1758 1752 1984 1804 tempera,-

1132 1814 1345 1851 mentum
1354 1802 1515 1851 siccum
1537 1806 1587 1852 &
1604 1806 1806 1867 igneum,
1840 1808 1981 1855 etiam

1130 1867 1179 1913 in
1195 1882 1387 1929 corpore
1411 1868 1593 1915 felicem
1620 1885 1715 1916 non
1740 1886 1979 1933 nunquam

1131 1932 1261 1978 alunt
1279 1932 1516 1980 Arabiam:
1570 1931 1693 1981 testis
1710 1933 1777 1983 est
1811 1934 1980 1983 statura
1993 1926 2105 1981 plut.

1129 2012 1297 2059 parvus
1321 2032 1334 2052 ‚
1365 1994 1440 2043 sed
1470 2011 1662 2060 magnus
1697 2000 1775 2047 ille
1806 2003 1979 2048 virtute

1130 2061 1349 2117 Maced0‚
1382 2062 1509 2123 cujus
1521 2078 1684 2125 corpus
1702 2080 1883 2112 merum
1894 2063 1979 2129 spi-

1127 2138 1308 2173 raverat
1319 2128 1680 2191 cinnamomum,
1689 2134 1806 2180 ut&
1823 2128 1973 2188 sudor,

1129 2193 1180 2240 &
1189 2189 1325 2242 vestis
1338 2192 1527 2239 interior
1540 2230 1553 2249 ,
1567 2194 1863 2257 fragrantiam
1874 2212 1975 2243 me—

1125 2256 1274 2303 dicam
1294 2256 1572 2319 retinerent:
1609 2257 1711 2307 imo
1756 2263 1897 2308 etiam
1918 2263 1974 2308 ab

1126 2320 1322 2383 exangui
1333 2320 1565 2378 cadavere,
1587 2323 1712 2371 diem
1728 2323 1974 2388 septimum

1122 2388 1388 2448 incorrupto
1399 2423 1411 2442 ‚
1446 2399 1572 2435 tanta
1581 2387 1770 2439 stillavit
1782 2389 1972 2438 suaveo-

1122 2452 1278 2506 lentia,
1305 2463 1358 2498 ut
1368 2453 1555 2514 DEUM
1568 2450 1701 2503 facile
1719 2454 1969 2517 credidisset

1121 2518 1413 2579 Antiquita3‚
1442 2517 1519 2564 nifi
1542 2524 1681 2568 toties
1701 2519 1789 2569 sese
1813 2523 1979 2569 homi*¹

1120 2597 1228 2628 nem
1237 2579 1593 2631 demonstrafl‘et.
1631 2587 1759 2634 Nihil
1776 2586 1897 2634 addo
1909 2588 1967 2634 de

1118 2659 1367 2756 corpprum
1379 2645 1703 2703 damnatorum
1710 2652 1899 2706 foetore,
1908 2653 1968 2699 de

1851 2719 1965 2769 Bea-
