2294 2933
52 382 184 440 Apus.

53 460 90 489 C·
117 462 195 490 21.

294 77 400 132 ,1208

306 188 476 240 tudine,
497 190 625 245 Aulae
651 191 792 254 hujus
825 188 1044 238 Divinae?
1086 194 1156 238 D.

304 257 502 318 Joannes
522 293 534 312 ,
586 264 767 320 arrepto
799 258 945 302 veluti
967 257 1160 303 carbone

306 323 361 368 ab
385 317 593 369 extinck)
624 323 782 370 foculo
807 355 819 374 ,
881 321 1010 367 illam
1044 320 1159 368 deli-

304 400 445 435 neans
468 425 480 443 ‚
517 389 666 450 inquit
686 403 696 432 :
731 390 806 448 ¹³4⁶
831 389 987 432 civitas
1011 403 1158 433 aurum

303 456 495 499 mundum
526 483 542 509 ,
576 455 708 512 sim-ile
738 452 853 496 vitro
887 455 1066 508 mundo,
1107 456 1156 502 ἐξ

294 520 572 580 fundamenta
595 521 699 563 muri
733 518 933 562 Civitatis
960 521 1064 563 omni
1094 521 1156 563 la-

296 588 389 647 pide
411 582 580 645 pretiofh
601 596 745 627 ornata
772 598 785 627 .·
839 584 1043 628 duodecim
1061 597 1155 644 por-

301 664 349 694 tae
372 679 390 705 ,
444 650 651 692 duodecim
677 650 903 707 margaritas
921 662 993 709 per
1013 649 1156 708 fingu—

298 718 361 759 las
401 729 412 758 .·
465 717 601 774 platea
635 715 823 759 civitatis
861 729 1006 758 aarum
1037 729 1153 758 metn-

299 781 395 824 dum
422 809 439 834 ‚
493 792 687 838 tanquam
713 781 874 823 ‘vitrum
899 781 1151 840 pellucidum.

297 844 433 892 Dixit
454 880 466 899 ,
513 841 645 905 quod
665 842 813 888 dicere
841 845 994 903 potuit
1017 859 1026 888 ε
1073 857 1153 888 ne-

294 924 387 972 que
404 910 529 955 enim
547 909 724 963 minus,
743 904 831 953 ¹sed
853 923 934 953 nec
952 905 1150 968 amplius

296 974 409 1037 quid
428 974 584 1035 potuit
602 974 838 1020 enuntiare
862 988 870 1016 :
911 972 1026 1019 aur&
1053 1009 1065 1028 ,
1101 974 1152 1022 ὃ(

295 1038 497 1102 gemmis
525 1036 811 1085 aestimationi
846 1038 1056 1093 humana:
1087 1038 1151 1083 nil

296 1105 552 1168 pretiosius.
621 1106 725 1150 Haee
754 1141 763 1158 ‚
800 1104 990 1165 inquam
1011 1140 1024 1159 ,
1058 1119 1153 1150 car-

296 1172 417 1218 bone
447 1170 730 1216 delineavit:
786 1166 873 1215 suis
903 1185 1000 1216 rem
1024 1169 1153 1216 colo·

294 1237 419 1284 ribus
454 1234 755 1297 effulgentem
791 1250 943 1282 cernes
971 1236 1152 1282 Leuco-

296 1303 402 1348 thee
421 1339 433 1357 ‚
474 1301 502 1348 si
525 1300 721 1347 domum
743 1298 880 1362 ipsam
909 1301 1153 1362 contigerit

295 1368 529 1414 habitare(
631 1367 810 1414 Civitas
831 1363 911 1411 ista
935 1382 1027 1412 non
1047 1381 1153 1427 ege-

298 1434 364 1478 bit
386 1434 494 1480 Sole
512 1469 526 1488 ,
563 1447 645 1477 nec
662 1430 793 1477 Luna
815 1468 826 1486 ‚
879 1428 947 1478 sed
973 1433 1152 1478 claritas

280 1501 344 1546 ·D
367 1501 440 1545 EI
476 1493 639 1544 cuneta
675 1497 953 1543 illuminabit
979 1535 992 1554 ‚
1046 1511 1152 1542 nam

295 1564 480 1610 lucerna
501 1563 598 1625 ejus
619 1560 683 1622 est
702 1568 880 1624 Agnus.
995 1563 1112 1620 Sunt
1139 1597 1153 1617 ‚

296 1630 378 1691 qui
401 1644 566 1690 corpus
600 1625 805 1690 spirabile
836 1665 848 1684 ,
904 1621 1155 1692 auramqsie

295 1693 532 1742 coelestem
546 1695 602 1740 ibi
618 1693 889 1750 admittant,
928 1709 1070 1756 quam
1081 1692 1154 1740 'at-

294 1761 474 1807 trahere
497 1756 665 1822 p'ossint
682 1762 823 1807 Beati.
891 1761 1029 1815 Sunt,
1071 1758 1151 1821 qui

295 1825 561 1872 admiranda
571 1821 882 1887 palatia‚forte
895 1826 1032 1872 etiam
1047 1840 1149 1887 pra-

293 1903 341 1938 ta
359 1929 372 1947 ‚
406 1890 684 1947 &nemora‚
724 1893 921 1938 materiae
947 1893 1148 1937 incorru-

285 1970 381 2019 ptae
400 1995 413 2013 ‚
450 1960 500 2007 &
526 1955 655 2020 supra
675 1973 882 2020 gemmas
909 1953 1114 2019 pretiosa:
1133 1992 1147 2011 ‚

296 2024 440 2071 Coelo
464 2023 715 2070 concedant
739 2061 751 2080 ‚
787 2032 896 2086 quae'
907 2024 1070 2070 oculos
1099 2037 1146 2068 a-

294 2085 572 2135 moenissimfi
627 2091 849 2136 varietate
894 2085 1143 2136 oble&ent.

284 2153 413 2200 {liud
451 2168 628 2201 certum
650 2192 663 2211 ,
721 2158 941 2216 manfiones
969 2153 1146 2201 ibidem

238 2229 272 2255 ’-
293 2220 512 2286 plurimas
535 2257 548 2276 ‚
585 2223 635 2269 &
656 2217 1144 2283 magnificentiffimas,

293 2300 492 2346 quarum
508 2287 680 2333 intuitu
694 2287 969 2342 fatebimur,
998 2287 1145 2333 Palla-

291 2350 389 2397 dias
404 2364 548 2399 turres
568 2349 654 2399 effe
664 2352 961 2399 hirundinum
982 2351 1142 2410 nidos3

221 2419 224 2424 ’
290 2418 452 2466 Romoe
464 2419 653 2479 pallaria
664 2455 677 2474 ,
697 2432 821 2464 mera
833 2414 918 2464 esse
935 2419 1112 2480 tuguria
1126 2432 1142 2476 3

290 2484 477 2544 Regum
497 2482 702 2531 Basilicas
727 2484 1046 2530 columbarum
1072 2499 1143 2529 ca-

294 2563 403 2594 veas
416 2585 428 2604 ,
466 2550 515 2598 &
530 2550 608 2595 vix
626 2551 822 2596 limaceae
833 2547 976 2605 testas,
1001 2565 1058 2596 ne
1073 2547 1144 2595 di-

293 2627 393 2660 cam
418 2651 429 2668 ,
470 2616 695 2677 Diogenis
723 2615 852 2669 dolio
875 2630 1143 2677 comparan-

291 2678 390 2730 das.
427 2680 532 2733 Hoc
544 2680 685 2745 igitur
698 2681 1001 2731 Domicilium
1022 2682 1143 2739 DEI,

962 72 1105 139 All&
1114 70 1425 140 Pliilofhpfflcus.

1213 191 1392 241 artificii
1425 194 1585 247 Divini
1614 191 1837 258 specimen
1855 234 1868 253 ‚
1899 198 2069 254 omni-

1213 273 1340 320 genae
1355 261 1614 323 voluptatis
1629 262 1767 311 Sedes
1778 301 1791 319 ,
1813 265 1863 312 &
1877 264 2069 309 immor-

1216 325 1408 372 talitatis
1427 324 1689 373 beatiss'imae
1706 326 1939 376 Paradisus
1953 330 2063 375 erit:

1215 391 1259 436 in
1271 390 1360 437 hoc
1370 391 1601 438 bonorum
1614 395 1825 440 omnium
1840 391 2038 441 affluxus
2051 429 2064 449 ,

1213 457 1466 519 omnisque
1481 454 1588 502 mali
1599 458 1788 505 exilium
1803 475 1811 505 z
1825 458 1897 505 hic
1909 459 2064 505 nullus

1214 520 1356 568 hostis
1382 558 1395 578 ‚
1432 521 1617 568 taedium
1640 520 1821 571 nullum
1843 561 1855 580 ‚
1891 525 1969 570 ubi
1988 525 2063 580 vel

1213 602 1384 633 nomen
1416 583 1600 633 iniseriae
1631 587 1915 649 ignorabitur
1946 605 1956 634 :
1990 587 2064 635 hic

1213 653 1420 699 fruemur
1436 650 1926 714 gaudiosmetristitia,
1963 655 2065 701 luce

1212 717 1300 765 sine
1315 719 1509 765 tenebris
1527 755 1539 773 ‚
1579 714 1868 765 sanitatesine
1880 720 2061 773 morbo,

1212 780 1416 831 satietate
1437 781 1742 838 sinefastidio,
1777 783 2063 845 jucunditate

1208 849 1298 896 sine
1320 851 1675 911 interruptione,
1709 850 1953 910 voluptate
1973 847 2063 896 fine

1180 944 1186 947 >
1205 914 1371 961 dolore
1385 953 1396 970 ,
1435 913 1649 961 societate
1669 912 1759 960 sine
1777 911 2026 976 suspicione
2045 950 2059 969 ‚

1206 980 1354 1041 gloria
1372 979 1460 1027 fine
1478 979 1648 1026 invidia
1662 1016 1673 1034 ‚
1691 979 1824 1040 copia
1836 978 2059 1026 smedefe-

1209 1043 1313 1101 c³tu‚
1350 1045 1444 1093 vitfi
1456 1045 1544 1092 sine
1561 1057 1727 1101 morte,
1760 1045 2057 1092 bonisomni-

1208 1113 1292 1159 bus
1318 1109 1408 1158 sine
1435 1108 1541 1158 fine.
1607 1107 1802 1172 Superi!
1848 1108 1968 1172 ᾳιιὰηι
1990 1113 2056 1156 di·
2073 1117 2143 1179 ps:
2159 1130 2184 1171 3
2192 1136 2228 1178 3

1801 1174 1923 1237 ᾳιιιὶηι
1948 1177 2055 1222 beati
2070 1202 2121 1233 v,
2141 1187 2229 1238 μεθ’

1206 1181 1310 1225 Ietta
1339 1181 1412 1224 haec
1444 1179 1732 1223 tabernacula!
1756 1236 1758 1240 7

1207 1247 1276 1304 qu'i
1302 1245 1488 1288 habitant
1514 1245 1555 1289 in
1585 1249 1714 1289 Domo
1744 1255 1817 1288 tua
1848 1245 2057 1288 Domine!

1209 1310 1392 1361 LEUC.
1420 1310 1510 1354 'Nae
1530 1318 1580 1353 tu
1594 1303 1939 1368 multasuspirio
1955 1306 2060 1352 uni-

1206 1389 1263 1420 co
1290 1390 1303 1432 3
1350 1370 1422 1419 sed
1453 1372 1650 1419 necdum
1668 1372 1825 1418 omnia
1848 1387 1873 1428 :⁴
1897 1386 2005 1418 nam
2027 1369 2060 1419 si

1209 1437 1408 1485 coelestis
1443 1440 1555 1485 aulae
1587 1451 1632 1484 te
1661 1438 1858 1499 abripuit
1889 1437 2071 1493 decor,

1208 1517 1260 1550 ut
1276 1505 1401 1550 illius
1421 1500 1532 1551 sitfis
1547 1540 1559 1559 ‚
1593 1517 1732 1565 quem
1749 1504 1885 1564 petii,
1905 1501 1960 1549 fis
1974 1501 2059 1548 ob-

1206 1570 1335 1616 litus.
1402 1575 1564 1617 MEL.
1601 1562 1745 1617 Re&e
1764 1582 1961 1623 mones,
2004 1581 2059 1613 o·

1206 1636 1395 1698 pinione
1417 1631 1646 1697 prolixihs
1665 1670 1678 1689 ‚
1713 1647 1791 1680 me
1807 1634 1854 1679 in
1875 1627 2060 1696 profusa

1207 1699 1351 1748 effudi
1369 1697 1597 1762 Superfim
1623 1698 1788 1762 gaudia
1808 1714 1819 1744 :
1883 1699 2058 1746 nimius

1208 1778 1361 1814 tamen
1375 1761 1573 1812 essenon
1587 1766 1737 1827 potui,
1752 1780 1860 1811 nam
1870 1763 1927 1810 de
1942 1766 2058 1812 (3oe-

1204 1833 1253 1879 lo
1269 1830 1345 1882 etfi
1360 1833 1557 1894 plurima
1576 1831 1745 1877 dixeris
1768 1867 1781 1886 ‚
1815 1827 1965 1875 dixisti
1985 1831 2057 1876 ni-

1204 1898 1284 1953 hil,
1310 1899 1438 1959 cujus
1456 1893 1673 1952 immensa
1685 1895 1851 1958 gaudia
1865 1891 2054 1957 suspiriis

1203 1961 1399 2020 melius,
1436 1961 1576 2025 quam
1589 1962 1739 2008 verbis
1753 1963 1797 2008 in
1818 1961 2054 2024 epitomen

1204 2029 1460 2076 contrahes.
1556 2024 1701 2076 Porro
1726 2024 1834 2074 siffis
1857 2063 1870 2082 ‚
1911 2039 2054 2088 quem

1202 2096 1320 2158 petis
1334 2132 1346 2151 ,
1379 2111 1429 2141 ea
1444 2091 1509 2140 est
1525 2093 1668 2148 ratio,
1689 2105 1740 2139 ut
1751 2092 1943 2141 Coelum
1956 2105 2054 2138 em-

1203 2175 1398 2224 pyreum
1429 2158 1481 2206 fit
1513 2160 1726 2205 omnium
1758 2153 2052 2219 supremum:

1204 2225 1383 2277 summo
1421 2221 1672 2286 subje&um
1716 2220 1781 2268 est
1800 2223 2008 2270 ‘Coelum
2024 2253 2050 2278 -‚

1202 2291 1329 2355 quod
1356 2291 1559 2354 primum
1587 2288 1760 2348 mobile
1783 2288 2047 2349 appellant:

1200 2359 1306 2406 huic
1344 2353 1656 2418 crystallinum
1677 2368 1693 2413 3
1751 2351 2015 2415 crystallino
2033 2388 2049 2409 ,

1200 2423 1340 2471 Orbis
1354 2421 1572 2476 fiderum,
1597 2416 1671 2466 seu
1682 2415 2047 2466 firmamentum.

1199 2486 1304 2537 Post
1321 2488 1410 2534 hoc
1438 2483 1612 2548 septem
1637 2486 1929 2533 Planetarum
1953 2485 2051 2533 Or-

1198 2556 1277 2602 bes
1299 2554 1566 2600 volvuntur.
1660 2556 1700 2599 A
1721 2551 1861 2598 Lunae
1879 2552 2051 2598 ultimo

1201 2618 1364 2683 sphaera
1386 2618 1504 2681 ignis
1538 2613 1669 2664 suum
1694 2617 1940 2680 imperium
1967 2631 2049 2674 ex·

1196 2687 1336 2751 plicat
1360 2701 1369 2733 :
1405 2680 1510 2752 post
1525 2684 1683 2749 ignem
1708 2683 1829 2741 aer-3·
1849 2677 2049 2796 e'jgiisfflue

1978 2760 2047 2795 m·
