2294 2933
922 64 1097 128 Goloffus
1121 62 1341 128 Adffiicus.
1931 74 1992 125 75

337 175 445 228 cunt.
455 181 613 244 stetit
587 208 637 238 ,
651 183 710 228 nil
733 184 989 231 mirabilius:

312 241 415 293 Cum
433 251 584 294 corruit
599 277 618 303 ,
666 249 727 292 nil
746 247 1029 306 miserabilius:

371 314 526 359 Stando
546 315 743 358 oculorum
760 315 920 360 illiciuin
942 344 960 370 ,

325 379 509 442 Jacendo
531 379 737 422 vanitatis
755 380 969 424 ludibrium
983 408 1003 434 ‚

275 444 431 503 lapillo
454 444 564 487 unico
585 472 602 498 ‚
661 445 755 502 quia
768 442 1008 505 fiepulchrali
1026 472 1047 500 ,

402 510 466 553 Sic
489 510 528 551 in
549 509 716 552 cinerem
737 510 889 552 corruit
914 537 943 564 ‚.

335 573 398 616 Ut
422 565 534 633 priris
560 584 790 630 tangentem
817 574 962 617 Sidera
982 600 1001 628 ‚

287 636 503 699 Jacentem
530 634 644 681 modi
671 634 902 697 dispergant
918 638 1054 682 venti

244 702 454 765 Qarndiu
467 700 588 776 stetit
611 729 628 756 ,
662 701 883 746 ‘videbatur
903 702 1087 758 Idolum,

306 758 612 830 Qamprimum
624 766 758 824 jacuit
785 795 803 821 ‚
835 766 1029 828 prodebat

528 850 531 851 ⁷
573 831 707 875 dolum
739 845 752 875 .·

378 900 495 940 Νιιιιι
513 911 563 939 ex
580 896 793 956 putredine
813 897 950 956 patuit

381 963 509 1005 Inane
527 962 723 1004 Numinis
741 964 904 1005 Nomen
927 989 946 1015 ,

353 1028 409 1074 In
438 1040 512 1086 quo
538 1025 638 1070 nihil
657 1026 821 1083 dignum
845 1027 968 1071 thure

472 1091 627 1134 Prater
641 1088 847 1148 foetorem.

575 1149 754 1200 contri:

300 1223 344 1268 Si
362 1220 456 1267 bene
458 1219 605 1281 stando
618 1220 716 1264 tulit
722 1216 992 1281 perfhcutores
1006 1249 1024 1276 ‚

269 1282 424 1347 Injuste
447 1285 621 1333 cadendo
644 1312 662 1339 ‚
696 1286 844 1331 meruit
864 1286 1055 1331 adorato—

616 1364 715 1394 res:

459 1417 543 1462 Na
546 1413 756 1478 pretiosus
762 1411 866 1470 vili,

442 1473 544 1526 Cum
552 1479 743 1526 nobilitat
751 1495 866 1535 aras,

240 1553 334 1598 Nec
361 1547 587 1612 pinguiores
621 1545 740 1591 hahet
768 1544 940 1604 Ecclesia
961 1546 1087 1591 vitti-

609 1625 721 1666 mas,

349 1672 489 1740 Qam
510 1675 587 1735 offa
600 1688 721 1735 atque
745 1676 935 1734 reliquias
958 1702 976 1729 ‚

304 1744 395 1803 Etsi
414 1742 502 1803 ipfis
520 1740 715 1786 cineribus
737 1741 976 1786 condiantur
998 1756 1007 1785 .·

321 1809 373 1855 Id
385 1807 638 1885 paradoxum
657 1806 725 1850 hoc
743 1807 785 1850 in
808 1803 994 1864 Colloffo,

304 1870 428 1938 de
455 1873 518 1917 illo
543 1873 600 1915 nil
613 1872 751 1931 pejus,
784 1871 842 1915 nil
863 1871 1017 1916 melius.

368 1940 432 1984 N
436 1939 451 1982 l
465 1951 576 1997 pejus
584 1965 600 1990 ‚
627 1935 819 1993 fihabeas
832 1934 953 1990 bene,

338 2005 420 2051 Nil
433 2002 572 2047 melius
589 2030 606 2055 ‚
643 1999 685 2057 fi
700 2000 845 2044 habeas
866 1995 987 2045 malt).

394 2069 508 2113 Illius
522 2066 683 2119 odium,
715 2080 827 2110 amor
839 2064 931 2124 est:

348 2131 482 2191 Odisti
500 2160 517 2185 ‚
548 2131 590 2189 fi
608 2124 714 2174 male
733 2145 970 2183 amaveris,

371 2201 415 2244 Si
437 2198 531 2241 bene
558 2196 687 2240 oderis
705 2224 723 2250 ,
766 2210 830 2239 am
834 2190 950 2254 isti:

308 2266 533 2311 Procurare
557 2261 613 2305 illi
632 2260 731 2305 bona
752 2275 829 2305 non
842 2260 1019 2321 poteris,

461 2326 561 2386 Mst'
563 2340 748 2387 procures
757 2327 865 2372 mala
883 2340 895 2370 :

604 2394 722 2436 Nam
748 2397 759 2423 ἓ

375 2459 417 2503 Si
433 2454 655 2517 supprimas
679 2485 696 2511 ,
746 2458 956 2515 erigetur:

370 2524 413 2568 Si
434 2521 644 2576 debilites,
681 2521 956 2581 confortatur:

340 2589 386 2634 Si
414 2586 656 2646 mortifices,
720 2586 983 2646 vivificatur.

1485 178 1666 230 Contra:

1301 250 1352 297 St
1371 251 1522 295 tractas
1547 241 1596 293 iit
1588 245 1800 324 hospitem
1817 279 1836 305 ‚

1328 314 1558 388 Experieris
1578 326 1626 357 ut
1637 312 1807 373 hostem:

1301 380 1394 425 Fit
1382 380 1562 424 mimicus
1578 377 1834 437 domesticus,

1367 446 1409 492 Si
1419 455 1589 505 putatur
1603 444 1768 487 amicus.

1257 512 1482 567 Nunquam
1501 507 1660 552 habebit
1681 522 1724 552 te
1743 499 1855 585 pejus
1870 535 1888 562 ,

1300 570 1486 635 szi
1446 573 1491 631 st
1511 573 1654 617 habeas
1679 565 1798 617 melix
1774 588 1839 619 us.

1302 641 1343 682 Si
1367 639 1499 682 nutris
1520 666 1538 693 ‚
1572 635 1728 698 fierpens
1749 637 1805 710 εβ
1823 665 1840 691 ,

1243 703 1363 763 Q
1351 717 1390 745 m
1408 701 1502 759 finu
1524 714 1638 746 necat
1660 704 1855 747 nutricem
1876 716 1890 746 .·

1301 767 1344 811 Si
1368 768 1513 810 mulces
1535 795 1552 820 ,
1598 768 1718 825 tygris
1738 766 1793 825 est
1814 795 1832 820 ,

1209 832 1311 893 Qae
1342 829 1537 888 efferatur
1560 831 1668 875 inter
1689 830 1922 876 blanditias.

1226 897 1271 944 Si
1282 895 1418 955 froena
1445 897 1562 940 laxas
1586 923 1604 950 ,
1648 897 1879 940 recalcitrat
1901 911 1914 942 ο·

1235 963 1294 1005 Et
1312 962 1477 1020 ejectum
1497 960 1569 1005 tibi
1593 961 1721 1019 injicit
1727 962 1888 1021 jugum.

1486 1025 1647 1073 Verbo:

1327 1091 1557 1167 Experieris
1576 1102 1625 1134 ut
1632 1089 1770 1149 feram
1786 1118 1805 1144 ,

1311 1150 1382 1199 Nl
1403 1155 1591 1200 adhibeas
1601 1154 1816 1214 ferulam:

1257 1220 1321 1267 1ae
1331 1216 1584 1277 servitutem
1602 1215 1648 1264 ni
1665 1221 1825 1279 redigas
1847 1246 1865 1273 ‚

1287 1285 1528 1344 Redigeris
1515 1301 1557 1329 in
1574 1281 1842 1343 servitutem.

1384 1350 1493 1394 Illud
1510 1349 1738 1411 peffimum:

1176 1408 1523 1476 Qodfiservias
1546 1443 1563 1469 ,
1596 1411 1736 1473 servis
1760 1425 1956 1471 tyranno:

1231 1475 1358 1540 Qod
1370 1479 1414 1556 si
1423 1481 1554 1533 colas,
1591 1481 1684 1524 colis
1715 1479 1911 1528 Idolum·
1896 1504 1907 1524 ι

1208 1546 1284 1592 Vel
1303 1537 1448 1618 potius·
1460 1545 1681 1589 Protheum
1705 1544 1927 1589 Idolorum.

1237 1612 1366 1655 Nunc
1386 1610 1490 1654 enim
1511 1609 1646 1654 induit
1666 1609 1865 1653 Bacchum
1877 1636 1895 1662 ‚

1249 1669 1404 1733 'scitque
1434 1675 1625 1719 vu‘timas
1652 1673 1846 1733 abligurit
1872 1700 1890 1726 ,

1369 1742 1427 1784 Ut
1436 1754 1537 1784 unus
1550 1738 1727 1783 omnibus
1749 1766 1767 1792 ,

1275 1805 1358 1849 Uni
1386 1820 1463 1848 non
1481 1801 1688 1863 sufficiant
1711 1818 1857 1847 onmes.

1296 1872 1422 1913 Nunc
1446 1870 1579 1913 induit
1607 1872 1801 1916 Venerem
1816 1896 1833 1921 ‚

1176 1937 1233 1978 Et
1247 1931 1435 1992 suassine
1452 1949 1613 1977 numero
1632 1935 1776 1977 variat
1790 1930 1952 1992 species.

1271 2002 1398 2043 Nunc
1409 2000 1677 2044 Mercurium
1702 1998 1863 2051 induit,

1223 2067 1285 2110 Ut
1304 2063 1500 2108 induatur
1520 2062 1612 2122 bysso
1625 2063 1670 2111 Εὖ)
1689 2076 1869 2124 purpura
1887 2090 1906 2117 ,

1453 2121 1651 2173 Ruborem

1222 2196 1273 2243 A
1297 2193 1612 2241 spiercatoribus
1638 2205 1902 2239 mercaturus.

1487 2284 1490 2286 -
1509 2262 1572 2303 En
1595 2261 1611 2302 ,¹

1240 2325 1293 2369 In
1309 2338 1385 2368 uno
1409 2337 1547 2369 trunco
1576 2323 1844 2369 Mercurium
1869 2350 1886 2376 ,

1278 2386 1368 2435 Ιιιιὸ
1391 2390 1603 2434 Pantheon
1628 2389 1848 2433 Idolorum.

1530 2457 1599 2501 At

1314 2519 1397 2566 Vix
1413 2517 1459 2578 se
1476 2516 1634 2577 sustulit
1655 2509 1781 2562 altius
1797 2547 1815 2573 ,

1370 2586 1475 2631 Ruit
1479 2598 1552 2644 pro
1546 2576 1747 2643 fitndtus

1205 2647 1249 2693 K
1270 2657 1310 2694 ⁷2
1868 2648 1987 2693 Nam
