2294 2933
934 83 1110 148 Oedipus
1132 82 1331 146 Phyficm.

284 203 396 251 Velc
407 200 526 264 fitam
545 203 686 263 cuique
696 200 775 262 est,
807 216 876 248 nec
888 215 987 250 voto
1001 205 1123 251 vivi-

613 279 685 312 tur
707 283 800 313 uno.

342 331 526 380 LEUC.
568 331 715 392 Capio
740 329 1121 389 fundamentum,

275 410 373 458 quo
387 410 433 443 m
443 392 880 457 alenixiSophorum
891 398 1118 455 nonnulli,

273 460 331 508 fic
350 459 564 524 cespitare
579 461 781 524 demque
792 475 1049 525 coeperant,
1069 474 1119 509 ut

271 528 442 589 plantis
466 525 626 590 paffim
650 528 863 574 omnibus
886 564 902 583 ,
940 523 1116 575 sensum

269 592 463 652 obtusum⁴
491 591 649 640 saltem
684 629 698 649 ,
764 594 820 641 δε·
858 595 1117 640 dormientem

270 657 572 706 concederent
591 695 604 715 ,
648 673 697 706 ac
722 659 839 705 intra
867 660 1115 705 Brutorum

268 719 489 781 subsellia,
509 735 615 772 utut
628 723 840 770 inferiora
853 719 1115 785 paululum,

266 789 563 845 collocarent,
576 790 773 844 Lubeat‚
795 803 970 850 precor,
996 799 1113 835 tem-

265 855 391 917 poris
411 853 601 901 fallendi
623 852 767 916 gratia
782 854 1113 916 percipereina-

265 934 374 966 nem
386 920 695 983 Campanellae
708 916 947 965 stridorem
964 956 976 975 ,
1014 934 1110 982 quo

263 988 311 1034 in
328 982 646 1048 Philosophico
665 987 827 1047 Regno
850 985 1109 1031 tumultum

261 1054 350 1099 ciet
384 1052 458 1098 hic
474 1048 697 1113 streperus
727 1047 1105 1111 Philosophaster.

259 1119 429 1166 Plantae
462 1131 626 1164 omnes
659 1117 791 1163 nullo
828 1112 1106 1172 discrimine,

259 1179 363 1230 sunt
390 1183 601 1231 animalia
622 1219 634 1237 ,
673 1183 784 1228 totis
807 1181 1105 1242 pulmonibus

256 1248 508 1296 inclamat:
546 1262 654 1294 nam
690 1251 868 1309 appetitu
903 1246 1104 1308 pollent,

256 1315 310 1364 &
342 1313 473 1378 quod
505 1310 798 1375 consequitur
822 1349 835 1368 ,
884 1315 1105 1373 cognitione

255 1382 310 1430 ὃς
322 1380 457 1442 sensu.
556 1379 719 1447 Quem
741 1378 863 1424 enim
884 1378 998 1424 latet
1016 1377 1104 1423 im-

250 1446 472 1510 placabile
487 1443 650 1492 odium
673 1480 686 1499 ‚
723 1458 818 1506 quo
847 1447 956 1494 Vitis
975 1443 1103 1503 Bras-

238 1515 368 1576 ficam
381 1510 576 1574 refugit,
598 1521 648 1556 ut
666 1511 679 1571 j
686 1507 796 1555 uxta
812 1509 1005 1572 plantari
1016 1523 1102 1554 no-

250 1579 306 1626 lit
328 1580 344 1625 ?
390 1591 530 1640 quem
549 1576 670 1637 fugit
687 1575 839 1622 fatalis
865 1574 1100 1620 inimicitia

251 1659 343 1706 qua
365 1646 495 1690 Oliva
521 1643 570 1690 ὃ(
597 1641 766 1689 Caules
788 1641 904 1686 inter
936 1635 1023 1685 sese
1051 1654 1099 1685 a-

247 1709 339 1756 deo
353 1704 587 1762 diffident,
617 1720 668 1753 ut
683 1704 814 1767 juxta
832 1702 911 1752 seri
923 1719 1097 1767 nequa-

249 1773 388 1838 quam
402 1770 681 1820 sustineant?
716 1770 771 1818 s1c
787 1808 802 1827 ‚
828 1767 1097 1818 Dioscoride

247 1839 397 1896 teste,³
417 1844 600 1904 Qercus
620 1834 806 1885 exosam
823 1834 942 1884 adeo
957 1836 1096 1883 habet

246 1912 407 1953 Nucem
421 1907 658 1966 juglandem
679 1935 695 1961 ,
730 1915 782 1950 ut
805 1904 940 1965 juxta
964 1902 1094 1949 illam

243 1971 410 2020 consita
437 1966 706 2017 extabescat.
753 1969 823 2016 Sic
841 1970 1091 2024 Arundinis,

243 2039 294 2086 ὃς
313 2041 452 2085 Filicis
476 2047 603 2083 tanta
629 2031 849 2082 discordia
869 2070 883 2090 ‚
927 2045 981 2079 ut
1001 2047 1093 2079 una

240 2104 430 2151 alteram
453 2113 608 2149 enecet
630 2116 641 2147 :
681 2114 790 2147 nam
821 2099 937 2161 perit
956 2096 1057 2145 filix
1076 2136 1090 2156 ,

241 2185 384 2232 quam
410 2166 552 2232 paulo
581 2165 803 2229 copiosior
833 2163 1090 2212 circumstat

242 2236 417 2295 arundo
437 2274 450 2293 ,
498 2236 549 2284 &
587 2233 681 2296 pari
713 2234 829 2279 Fato
865 2227 1089 2278 evanescit

243 2301 420 2349 arundo
443 2339 458 2359 ,
501 2313 642 2363 quam
658 2299 808 2344 multa
825 2294 926 2343 filix
947 2297 991 2344 in
1012 2312 1089 2343 or-

241 2368 346 2415 bem
362 2369 517 2430 cingit.
561 2362 666 2413 Imo
679 2363 769 2412 fert
786 2365 947 2419 Fama,
968 2360 1088 2409 radi·

240 2447 340 2480 cem
385 2429 514 2480 filicis
558 2427 793 2478 contusam
840 2426 1088 2476 arundinea

242 2496 408 2560 spicula
427 2537 440 2555 ,
473 2497 652 2559 corpori
679 2492 819 2543 infixa
837 2532 850 2550 ‚
887 2494 1049 2556 ejicere
1072 2530 1085 2551 ‚

239 2565 291 2613 &
311 2563 341 2612 fi
359 2563 479 2612 filice
503 2563 679 2610 vomeri
706 2559 916 2625 imposita
936 2576 951 2619 3
989 2575 1086 2607 are-

241 2642 315 2678 tur
338 2644 523 2693 campus
553 2665 567 2684 ‚
609 2629 786 2674 nullam
816 2624 1084 2673 arundinem

231 2697 594 2764 progerminat-e.
696 2691 872 2744 Contr‘a
894 2729 910 2751 ‚
941 2706 1084 2756 quem

1931 100 2024 148 379

1178 202 1300 267 fugit
1320 215 1452 252 amor
1469 201 1769 261 inemutuus.
1791 218 1887 269 quo
1912 208 2021 257 Vitis

1177 265 1466 332 prosequitur
1491 273 1681 335 Ulmum,
1719 268 1832 318 teste
1848 271 2022 334 Satyri-

1175 349 1231 382 co
1249 350 1265 393 3
1290 337 1451 397 stratus
1471 337 1582 382 humi
1602 338 1755 399 palmes
1775 339 1926 383 viduas
1946 339 2019 384 de·-
2034 347 2198 412 jus-vem

1164 401 1325 461 fiderat
1347 404 1522 448 Ulmos!
1559 402 1663 465 quIs
1694 401 1874 463 ignorat
1904 401 2019 448 ami·
2035 415 2124 459 Sat.
2150 423 2195 464 3,

1174 467 1288 512 citiae
1319 465 1476 513 foedus
1500 502 1513 521 ,
1547 474 1746 526 Myrtum
1779 467 1895 512 inter
1918 502 1931 521 ,
1968 467 2020 516 &

1174 534 1346 578 Olivam
1369 562 1385 589 ,
1432 535 1601 579 Oli-vam
1623 561 1642 588 9
1679 534 1730 580 &
1754 533 1927 578 Ficum?
1962 528 2018 578 stc

1172 597 1336 644 hedera
1352 596 1525 659 adrepit
1540 594 1595 643 ad
1614 596 1793 643 arbores
1808 632 1820 653 ‚
1848 593 2020 658 easque

1172 664 1318 708 amico
1335 662 1582 726 complexu
1603 659 1795 724 stringit.
1847 661 1917 709 Sic
1934 660 2019 709 Al-

1169 727 1285 774 lium
1310 726 1561 793 depereunt
1588 724 1694 774 rosae
1713 763 1727 783 ,
1767 728 1818 776 &
1844 727 1889 773 in
1914 726 2016 789 eJus

1165 789 1396 840 consortio
1422 804 1588 840 acuunt
1617 791 1828 840 odorem.
1944 793 2018 841 Sic

1168 862 1306 918 Scylla,
1325 855 1644 921 Theophrasto
1655 858 1878 913 Authore,
1898 858 2016 904 ami-

1164 939 1216 970 ca
1247 922 1311 970 est
1343 926 1557 971 omnibus
1585 939 1600 982 3
1645 937 1752 970 nam
1781 919 2012 987 quidquid

1165 989 1232 1035 illi
1251 988 1583 1051 adplantaverit
1603 989 1764 1036 Olitor
1786 1025 1801 1045 ,
1836 989 1884 1035 in
1903 989 2006 1049 ejus

1166 1051 1378 1102 societate
1394 1053 1529 1103 citius
1546 1050 1730 1111 crescit,
1765 1055 1816 1104 &
1839 1054 2011 1116 germi-

1163 1132 1257 1167 nat.
1351 1121 1520 1183 Neque
1546 1120 1618 1166 hic
1640 1121 1774 1182 Juvat
1800 1133 2012 1166 comme-

1162 1200 1341 1232 morare
1361 1222 1374 1241 ,
1408 1184 1536 1248 quod
1562 1186 1727 1248 plantae
1755 1179 1884 1248 aeque
1906 1221 1919 1241 ,
1956 1199 2010 1232 ac

1159 1253 1294 1297 Bruta
1313 1252 1454 1297 noxia
1470 1252 1650 1314 fugiant
1662 1287 1675 1307 ‚
1707 1253 1836 1298 utilia
1853 1247 2007 1312 prose-

1160 1330 1377 1377 quantur.
1407 1317 1477 1364 Sic
1500 1320 1662 1363 Hedera
1679 1318 1897 1379 parietem
1912 1315 2007 1361 rui-

1160 1394 1315 1428 turum
1326 1396 1422 1428 non
1434 1380 1589 1430 minus
1608 1377 1823 1444 provide,
1863 1380 2005 1443 quam

1157 1443 1425 1510 tempestive
1475 1447 1737 1510 perhibetur
1785 1444 2003 1494 deserere.

1157 1514 1226 1560 Sic
1247 1527 1508 1560 cucumeres
1531 1512 1586 1560 ad
1607 1523 1735 1560 terrae
1756 1512 2004 1560 humorem

1157 1594 1251 1641 quo
1285 1573 1549 1626 affluentius
1585 1578 1827 1641 irrigentur
1849 1615 1861 1635 ‚
1899 1593 2003 1641 per-

1154 1655 1367 1706 reptant:
1402 1645 1454 1692 &
1486 1645 1642 1691 oleum
1663 1680 1676 1700 ,
1716 1659 1812 1706 quo
1837 1640 2002 1706 perfusi

1153 1711 1466 1765 emoriuntur,
1488 1725 1638 1773 usque
1658 1707 1776 1757 adeo
1795 1711 2001 1766 horrent.

1152 1787 1204 1821 ut
1217 1789 1276 1822 eo
1300 1771 1526 1837 supposito
1544 1788 1855 1824 recurventur.
1888 1779 2001 1823 Non

1152 1855 1270 1902 opus
1294 1838 1370 1888 ‘est
1413 1841 1619 1904 pluribus
1656 1840 1998 1900 demonstrare,

1151 1903 1576 1968 quodanimalium
1600 1922 1754 1964 more,
1788 1908 2000 1956 laetentur

1141 1974 1290 2034 folium
1336 1988 1428 2020 ortu
1466 1990 1481 2019 s

1149 2039 1347 2098 defluxu‚·
1380 2036 1511 2101 quod
1541 2042 1788 2086 detestentur
1806 2041 1961 2104 pluvifi
1979 2079 1993 2099 ‚

1147 2103 1198 2151 &
1234 2104 1462 2166 explicent
1505 2103 1682 2151 frontes
1717 2121 1732 2164 3
1806 2106 1996 2155 ardente

1146 2169 1289 2216 Coelo
1335 2173 1500 2231 lugeant
1523 2201 1541 2228 ‚
1595 2171 1646 2219 &
1698 2173 1989 2234 contabescant.

1143 2234 1268 2282 Sileo
1289 2270 1303 2290 ‚
1338 2234 1467 2297 quod
1485 2252 1749 2298 progenerent
1776 2254 1955 2287 vermes
1974 2277 1990 2298 ‚

1144 2314 1264 2361 quos
1295 2300 1342 2346 in
1374 2301 1564 2364 Ocymo
1599 2301 1745 2363 ocyus
1775 2302 1991 2367 obstupe-

1144 2362 1269 2424 sces;
1307 2364 1439 2428 quod
1463 2379 1711 2430 utrumque
1743 2382 1990 2419 numerent

1143 2427 1326 2487 sexum,
1347 2447 1487 2495 quem
1503 2434 1545 2479 in
1559 2433 1703 2480 Ulmo
1714 2434 1889 2484 videbis
1903 2474 1914 2492 ,
1936 2438 1990 2488 ἃ

1140 2497 1272 2552 Vite,
1306 2512 1406 2559 quae
1422 2498 1569 2545 Plinio
1589 2497 1724 2556 teste,
1758 2505 1878 2548 etiam
1902 2507 1985 2552 Po·-

1135 2565 1242 2626 pulis
1261 2565 1405 2609 nubere
1428 2565 1802 2625 comprobantur.
1849 2569 1984 2626 Haec,

1133 2629 1329 2689 inquam
1344 2666 1355 2684 ‚
1373 2627 1505 2685 sileo,
1531 2644 1629 2692 quae
1650 2645 1733 2691 pro
1747 2629 1818 2679 sua
1833 2632 1981 2681 domo

1138 2708 1232 2741 non
1256 2694 1449 2742 inaniter
1472 2696 1520 2744 in
1541 2695 1742 2746 mediam
1769 2696 1984 2747 afferrent

1203 2760 1238 2806 B
1254 2759 1282 2806 b
1296 2759 1326 2808 b
1357 2772 1389 2812 2
1849 2764 1982 2827 plan-

1534 1970 1767 2020 tristentur
1801 1975 1997 2036 foliorum
2011 1982 2212 2044 Anaxag-
