2294 2933
874 65 1093 142 Specnlkrin
1128 71 1373 143 spbyfic'um.

228 194 427 244 Societas
440 230 453 248 ,
502 203 579 240 aut
598 190 761 240 similes
776 193 948 241 invenit
959 229 979 251 ‚v
990 205 1071 242 aut

223 259 333 306 facit
354 274 362 303 :
398 259 581 304 oracula
607 258 698 304 haec
714 273 772 304 ex
810 257 970 305 divino
989 261 1075 306 tri-

223 321 344 385 pode
355 321 531 369 dudum
553 321 674 370 fudit
691 324 866 386 Regius
886 327 1029 372 Vates
1049 337 1067 369 ς·

223 403 317 437 cum
335 389 456 436 eleffo
476 387 619 434 elesius
640 403 720 434 er15
736 423 747 440 ,
786 389 839 444 ἒς
862 405 945 435 rum
973 401 1070 450 per-

143 453 160 470 ·
218 455 342 515 verso
362 454 631 515 perverteris.
694 452 782 500 Sed
806 455 1066 514 aetatisque-

218 515 520 580 que‘conditio
540 555 552 571 ,
607 518 860 564 Momicam
894 518 1065 579 aperire

216 580 460 631 fenestram
485 579 630 635 solet,
662 592 714 627 ut
744 582 877 628 facile
908 596 1064 627 arcana

216 647 366 694 cordis
380 648 571 694 ominari
581 642 881 708 Philosophus
904 656 1058 707 queat.

211 715 541 761 ’Praetextatum
580 713 626 756 in
671 710 776 757 foro
813 711 1061 773 puerulum

210 778 525 840 contemplare
549 813 562 831 ,
604 777 657 823 &
689 773 802 836 quid
835 773 1060 821 monstrat

211 842 340 890 frons
359 840 520 888 florida
539 877 553 895 ,
587 835 858 902 metensque
888 841 933 886 in
955 840 1059 886 vul-

213 919 266 953 tu
295 908 453 961 color,
491 903 570 951 nisi
604 915 808 952 mentem
835 904 889 951 ad
924 905 1058 956 inno-

208 986 295 1017 cua
339 984 533 1033 pronam
573 968 773 1032 gaudia?
819 969 930 1016 dum
950 1007 961 1025 ‚
1000 967 1055 1015 ad

209 1037 417 1099 Pompeii
438 1034 679 1090 invidiam,
698 1037 794 1096 jam
803 1035 1055 1096 triumphat

208 1103 256 1148 in
287 1100 473 1147 nucibus
494 1136 506 1155 ‚
547 1101 642 1161 jam
676 1101 918 1147 molimine
950 1102 1055 1145 Dae.-

205 1165 316 1213 dalo
336 1162 524 1211 aedificat
553 1166 702 1211 luteas
728 1201 740 1220 ‚
776 1166 885 1211 vilia
906 1161 1051 1218 tee'ta,

202 1230 406 1278 domos:
439 1231 533 1292 jam
565 1230 760 1276 velutin
790 1230 1052 1292 Bucephalo

203 1295 465 1344 Alexander
486 1333 498 1350 ‚
530 1296 710 1356 equitat
745 1296 792 1341 in
835 1294 1053 1342 arundine

133 1381 142 1390 ·
205 1361 364 1423 longa:
384 1360 494 1422 quid
507 1371 656 1422 partes
668 1357 915 1421 corpusculi
931 1359 1052 1405 mol-

204 1427 295 1481 les,
328 1424 519 1472 flaccidae
543 1463 554 1481 ‚
591 1424 1051 1487 atquelubrioeeindi-

198 1504 320 1546 cant,
332 1490 410 1537 nisi
430 1505 597 1553 aquam
615 1490 1022 1552 praedominantem
1036 1527 1049 1544 ,

200 1550 419 1618 vadeoque
430 1557 618 1612 morbos
628 1571 708 1618 per
718 1556 881 1611 ulcera,
896 1553 1046 1610 tusses,

195 1623 454 1685 prurigines
468 1657 480 1676 ‚
508 1622 655 1668 febres
670 1658 681 1675 ‚
713 1620 1048 1675 convulfiones,

199 1683 482 1748 centumque
501 1687 609 1732 alias
637 1685 923 1732 humiditatis
961 1700 1046 1730 no-

197 1749 788 1812 xiaefilias,acappendices.
856 1746 1046 1798 Adoles-

196 1825 374 1863 cente‘m
385 1815 625 1873 considera,
646 1828 848 1862 occurret
871 1812 1040 1876 turges-

196 1894 326 1928 cente
345 1897 402 1928 ex
421 1878 633 1942 sanguine
651 1879 802 1928 roseus
821 1895 1041 1942 genarum

195 1947 338 2002 color,
353 1944 645 1994 scintillantes
662 1962 721 1992 ex
731 1948 874 1992 oculis
889 1960 1042 1991 erum-

195 2024 306 2075 pent
318 2009 510 2074 spiritus‚
525 2012 720 2057 mobiles
742 2012 785 2056 in
798 2011 951 2057 fronte
961 2026 1040 2057 na-

195 2079 356 2124 tabunt
369 2074 477 2123 succi
492 2092 500 2121 :
521 2078 570 2124 &
585 2075 696 2137 quid
707 2076 810 2122 huic
822 2071 846 2120 ὲ
857 2075 1040 2136 physio-

192 2145 404 2205 gnomica
431 2142 655 2204 Diphtera
691 2137 919 2203 p-raesagies
947 2147 1043 2187 Au-

193 2210 304 2271 gur?
324 2205 527 2269 asperum
538 2208 649 2253 nihil
662 2244 673 2262 ,
690 2203 842 2268 jocosa
854 2206 1010 2252 omnia
1027 2242 1040 2261 ‚

191 2275 450 2335 inquietum
471 2274 685 2332 Mercurii
721 2271 1041 2334 hydr-argyron

193 2339 441 2402 appellabis
462 2354 471 2383 :
491 2337 614 2385 dices
625 2333 796 2401 vagum
809 2339 858 2385 &
872 2336 1039 2391 levem,

188 2402 426 2468 pertaesum
447 2402 503 2449 ad
518 2399 648 2460 seria,
672 2417 870 2466 pronum
892 2401 947 2448 ad
969 2402 1040 2447 lu-

193 2470 314 2516 dicra
326 2507 337 2524 ‚
350 2466 592 2515 candidum
605 2507 616 2525 ‚
637 2472 688 2517 ὃς
704 2466 1037 2514 verecundum:

192 2549 297 2581 cum
340 2532 570 2581 Venusino
617 2538 738 2582 Vate
789 2533 1039 2580 Protheum

191 2598 508 2662 pronuntiabis
528 2635 540 2655 ‚
571 2604 640 2664 qui
685 2598 844 2658 ‘custode
875 2607 1038 2644 remoto

187 2663 551 2732 gaudeataequis,
593 2664 650 2724 ξς
680 2666 811 2731 aprici
844 2665 1040 2732 gramine

1879 79 1973 138 1537

1953 197 1979 215 π

1126 197 1283 259 campi,
1313 207 1448 241 cereus
1469 192 1510 242 in
1530 191 1842 255 vittvmflefiffi
1876 208 1974 244 mo·

1126 260 1328 308 nitoribus
1351 257 1681 322 asprerf‘utilimm
1703 266 1846 305 tardus
1864 271 1984 323 pro-fl

1125 327 1239 373 visor
1259 363 1270 381 ‚
1299 326 1497 389 prodigus
1524 328 1626 372 reris.
1747 319 1973 386 Cumque

1124 385 1301 450 spiritus
1324 390 1374 438 &
1391 405 1512 452 aqua
1530 388 1650 435 aetati
1676 387 1780 435 huic
1794 388 1970 450 praedo-

1121 456 1352 501 minentur
1364 492 1376 510 ,
1410 470 1462 500 cu
1469 470 1514 500 m
1522 455 1802 515 Hippocrate
1814 450 1973 515 praesa--

1118 520 1215 580 gies
1232 519 1382 566 febres
1412 519 1652 566 diuturnas
1669 518 1815 580 magis
1833 553 1846 574 ‚
1876 517 1969 564 hae-

1116 584 1344 645 morragia
1368 585 1547 631 narium
1566 620 1579 639 ‚
1601 579 1836 645 paucaque
1855 583 1966 639 alia,

1116 662 1217 709 qua:
1236 646 1546 695 adolescentiae
1572 648 1867 694 incommoda
1893 646 1968 694 soe

1114 713 1210 758 lent
1221 711 1426 759 insidiari.
1492 711 1543 759 Id
1556 724 1710 758 tamen
1720 712 1792 759 hic
1803 713 1970 768 velim-‘5

1114 787 1282 833 notes,·
1299 784 1483 840 aetate'm
1506 775 1638 823 istam
1660 789 1756 824 tam
1781 775 1864 824 esse
1885 777 1967 824 lu-÷

1113 841 1282 888 bricam
1300 841 1358 888 ad
1380 841 1622 904 quodlibet
1642 843 1824 898 vitium,
1839 840 1958 888 adei)

1109 908 1307 954 mollem
1326 909 1378 957 &
1392 906 1594 954 flexilem
1613 909 1659 953 in
1679 922 1841 954 omnes
1858 922 1962 968 par-

1113 982 1180 1018 tes
1195 1009 1207 1027 ‚
1231 970 1348 1019 adeo
1363 971 1679 1035 vagabondam
1692 988 1772 1034 per
1783 973 1961 1025 omnia,-

1110 1048 1164 1083 ut
1182 1036 1309 1084 nulla
1334 1038 1512 1084 ratione
1532 1037 1655 1084 certa
1678 1039 1774 1100 regi
1795 1072 1811 1092 ,
1881 1033 1957 1083 sed

1110 1117 1388 1164 quocunque
1400 1103 1597 1164 impellit
1613 1104 1850 1164 cupiditas,
1861 1103 1957 1164 rapi
2019 1118 2036 1131 1

1107 1162 1281 1214 temere
1316 1166 1525 1214 videatur
1548 1183 1561 1213 z
1593 1166 1713 1215 adeo
1739 1166 1959 1230 sapienter

1107 1230 1466 1293 Sapienti-ssimus
1481 1236 1693 1279 omnium
1709 1235 1851 1280 aet-’atis
1862 1230 1956 1278 isti-

1106 1312 1160 1343 us
1172 1292 1397 1354 semitam,
1427 1309 1564 1360 captu
1573 1297 1691 1345 dixit
1704 1295 1790 1346 effe
1808 1297 1953 1359 diffici-

1106 1361 1198 1411 lem.
1212 1360 1685 1424 InJuvenem‚'Senem
1693 1381 1783 1426 que
1792 1363 1952 1410 oculos
1969 1372 2104 1425 prov,
2119 1381 2199 1431 30,

1104 1426 1306 1483 intende,
1318 1426 1457 1490 quam
1473 1425 1646 1476 diversa
1655 1432 1701 1476 in
1711 1431 1954 1489 utriusque

1104 1493 1239 1539 vultu
1258 1493 1383 1554 leges
1404 1492 1565 1541 indicia
1583 1531 1595 1549 ‚
1631 1507 1728 1542 tam
1761 1506 1954 1556 quoque

1105 1572 1265 1620 argues
1283 1554 1481 1606 diversas
1506 1558 1672 1607 indolis
1693 1559 1953 1622 proprieta-

1105 1632 1188 1669 tes.
1256 1623 1396 1669 Illum
1421 1624 1618 1671 liberalis
1641 1663 1652 1681 ,
1684 1627 1734 1673 &
1763 1622 1949 1670 vividus

1098 1688 1267 1735 frontis
1282 1688 1410 1734 color
1430 1687 1619 1735 testatur
1637 1727 1650 1745 ‚
1669 1689 1813 1736 aliena
1830 1688 1949 1735 cala-

1099 1754 1263 1799 mitate
1296 1747 1429 1799 facile
1459 1755 1682 1801 mobilem
1703 1792 1715 1810 ,
1748 1756 1943 1817 largum,

1098 1818 1347 1880 prodigum
1367 1855 1378 1873 ‚
1411 1812 1948 1881 opt'nnqueincurium&

1098 1883 1409 1945 negligentem
1429 1899 1438 1928 :
1468 1883 1953 1946 huncpallordemoffi

1096 1946 1205 1994 strat
1225 1946 1412 1994 anxium
1431 1985 1443 2004 ,
1480 1949 1763 2011 inquietum,
1783 1947 1952 1996 solli-ci-‘

1099 2025 1213 2067 tum,
1229 2009 1530 2075 suspiciosum,
1545 2029 1748 2071 avarum,
1760 2027 1946 2077 parcum

1096 2079 1141 2124 in
1154 2075 1265 2133 suis,
1291 2077 1478 2125 avidum
1490 2080 1535 2126 in
1546 2080 1719 2128 alienis.
1788 2082 1840 2127 ln
1862 2080 1947 2125 illo

1095 2142 1266 2204 calidus
1279 2144 1440 2190 ebullit
1453 2141 1627 2207 sanguis
1640 2183 1652 2202 ‚
1686 2146 1944 2208 promicant

1094 2205 1296 2255 distentae
1305 2223 1430 2255 venae
1440 2246 1452 2265 ‚
1478 2208 1735 2273 turgescunt
1746 2207 1854 2257 succi
1869 2224 1944 2256 ro-

1095 2269 1221 2328 scidi,
1244 2274 1295 2322 &
1309 2270 1468 2331 austivi,
1490 2291 1547 2321 ex
1568 2277 1732 2338 quibus
1749 2276 1940 2337 colliges

1097 2335 1353 2386 sociabilem
1384 2336 1566 2401 paribus
1579 2378 1591 2396 ‚
1629 2344 1880 2388 amicorum
1892 2355 1948 2387 a·-

1094 2404 1288 2459 micum,
1307 2404 1544 2453 Sodalium
1556 2403 1830 2462 studiosum,
1866 2407 1940 2453 lo·-

1094 2483 1300 2531 quatem,
1320 2469 1376 2516 ad
1396 2467 1518 2518 lusus
1538 2486 1758 2534 pronum:
1795 2473 1840 2517 in
1859 2469 1944 2519 isto

1094 2533 1270 2596 sanguis
1282 2550 1440 2596 parcus
1455 2535 1724 2599 &frigidus‚
1739 2534 1942 2600 collapsae

1093 2614 1234 2654 venae,
1247 2596 1358 2647 succi
1373 2602 1666 2664 aquei‚crudi‚
1679 2599 1938 2666 effoetique,

1094 2659 1304 2778 cquibgs
1340 2668 1550 2729 conjicias
1590 2670 1799 2716 tetricum
1816 2707 1828 2725 ‚
1863 2669 1943 2722 tri-

1808 2732 1940 2788 stem,
