2294 2933
52 639 96 687 3.
121 622 173 673 de
194 626 277 677 ani.

83 705 119 746 ε.
142 706 188 753 ς.

295 116 360 171 43
944 104 1127 156 Flamma
1162 91 1421 158 Promethei(

293 228 368 275 riae
379 216 590 275 dedimus
603 224 813 279 nimium,
839 224 1131 272 facultatibus

293 291 482 355 reliquis
508 289 816 338 detrahemus,
888 283 1131 336 Intellecstu

292 369 437 412 caret,
472 358 547 419 qui
566 357 608 401 in
622 357 703 402 illo
722 370 813 400 non
827 355 1042 415 intelligit
1062 355 1131 399 in-

293 417 509 471 tellestssis
525 421 799 468 Authorem:
825 422 901 468 vix
914 420 1037 466 enim
1049 418 1131 465 ali-

291 488 337 534 bi
358 484 482 533 suam
494 483 637 546 magis
651 485 911 545 potentiam
933 481 1134 531 ostendit

292 555 508 605 Numen,
549 547 688 610 quam
722 550 766 595 in
794 547 875 597 ista
906 551 1130 612 potentia.

292 617 400 667 Haec
417 613 696 676 Philosopho
716 613 880 661 dicitur
912 615 1106 666 facultas
1120 653 1132 672 ,

328 697 386 729 ua
403 677 716 744 cognoscimus
729 682 899 738 omnia,
921 697 1021 745 quae
1031 682 1134 745 qui-

292 699 402 796 dem
413 747 617 797 veritatis
633 742 810 808 sphaera,
830 748 961 795 nobis
976 748 1133 810 objicit

293 811 595 877 percipienda.
662 812 765 863 Hoc
802 828 911 875 ergo
939 812 1134 876 parado-

293 894 409 928 xum
429 878 566 940 hujus
584 879 804 940 potentiae
824 878 974 926 fatum
991 917 1003 936 ,
1040 891 1136 928 tam

295 945 445 994 multa
463 942 596 1008 quod
613 944 855 1006 intelligat,
876 942 1136 1007 &seipsam

295 1013 491 1074 ignoret.
558 1011 608 1060 In
621 1008 777 1058 alienis
790 1011 923 1058 rebus
937 1010 992 1061 ad
1005 1008 1139 1061 instar

295 1077 407 1139 Argi
419 1073 482 1122 est
493 1076 699 1132 ocuiata,
724 1090 832 1123 caeca
849 1077 894 1127 in
916 1074 1024 1128 suis:
1063 1077 1138 1124 fo-

296 1144 357 1190 ris
377 1140 568 1198 erudita,
599 1138 722 1189 intus
748 1144 923 1204 ignara,
944 1154 1073 1190 extra
1096 1138 1138 1193 se

296 1209 470 1270 ubique
486 1203 674 1270 praesens
695 1245 711 1264 .,
749 1209 865 1255 intra
892 1205 933 1256 se
950 1206 1104 1255 absens
1123 1223 1135 1255 ,·

297 1271 463 1330 noffet,
483 1273 633 1329 credo,
660 1270 851 1336 seipsam
866 1312 878 1329 ,
910 1274 941 1322 si
962 1274 989 1323 ‚a
1004 1272 1043 1321 se
1063 1275 1140 1321 ab·

297 1336 405 1386 effer
427 1377 438 1395 ,
477 1341 526 1392 ὃς
548 1338 709 1389 idcirco
736 1337 775 1386 se
800 1337 941 1402 ipsam
961 1357 1056 1388 non
1069 1342 1138 1385 vi-

293 1404 399 1463 det,
422 1403 619 1470 quiafibi
639 1402 703 1455 est
711 1404 918 1470 praesens.
954 1402 1135 1469 Superi!

294 1483 466 1534 quanta
477 1471 683 1519 facultati
696 1471 800 1523 huic
810 1472 1001 1520 facultas
1016 1471 1028 1520 l
1043 1488 1137 1519 cer—

292 1539 361 1585 nit
380 1533 634 1600 praesentia,
657 1534 829 1600 inspicit
854 1538 1024 1595 futura,
1056 1553 1137 1587 co—

291 1600 466 1666 gnoscit
487 1598 637 1650 diffita
656 1641 668 1660 ,
699 1605 888 1667 ,attingit
912 1601 1134 1661 sublimia,

291 1681 502 1732 penetrat
516 1665 1138 1733 subtilia,scrutaturprofun-

292 1734 366 1790 da,
378 1731 773 1786 discernitbonum
785 1735 808 1782 a
820 1737 960 1792 malo,
969 1750 1136 1783 verum

292 1798 319 1848 {a
337 1797 450 1848 falso
467 1815 480 1851 ‚z
514 1816 610 1848 non
628 1799 950 1865 constringitur
980 1803 1137 1848 vincu-

296 1866 368 1921 lis,
381 1867 628 1914 carceribus
648 1882 743 1913 non
762 1869 1021 1925 cohibetur,
1045 1867 1137 1914 fer-

294 1947 397 1978 reos
434 1928 588 1979 ve&es
615 1970 626 1989 ,
677 1932 946 1996 clausdsque
978 1945 1136 1996 portas

326 2013 376 2043 ro
393 1998 523 2044 libitu
531 2011 757 2060 penetrat,
779 2001 829 2051 &
846 2001 923 2045 ubi
941 2001 989 2045 'in
1010 2011 1137 2050 tene-

289 2013 382 2112 gris
393 2076 527 2123 putas
541 2061 866 2126 squallentem,
906 2061 1018 2128 ipsa,
1056 2080 1136 2119 ex,-

292 2139 361 2174 tra
383 2125 566 2190 seipsam
590 2167 602 2185 ,
636 2146 715 2192 per
743 2130 910 2180 Mundi
934 2132 1135 2193 patentis

290 2190 430 2256 spatia
463 2191 691 2256 spatiatur.
758 2198 979 2249 Celeritas
1017 2211 1135 2258 quo-

244 2315 247 2318 ,
290 2274 382 2322 que
407 2259 475 2306 illi
494 2257 558 2306 est
577 2256 754 2308 summa
778 2277 786 2306 :
825 2275 1068 2309 momento
1090 2262 1135 2308 in

289 2325 464 2372 coelum
499 2326 680 2382 avolat,
718 2325 990 2375 &discurrit
1026 2340 1132 2373 cum

284 2391 476 2453 Angelis
491 2429 503 2448 ,
531 2403 774 2439 momento
794 2392 851 2438 ad
874 2404 1039 2439 terram
1060 2409 1132 2439 re-

287 2458 505 2512 vertitur,
538 2459 587 2506 &
615 2454 764 2519 sylvas
785 2459 972 2504 incolit:
1013 2473 1132 2504 nunc

277 2537 482 2583 aquam,
510 2538 630 2570 nunc
648 2527 814 2579 aerem,
839 2538 957 2570 nunc
976 2524 1131 2584 ignem

283 2588 402 2649 petit
420 2623 433 2642 ,
472 2590 683 2635 omnium
703 2590 1042 2635 elementorum
1063 2589 1130 2634 in-

275 2652 414 2698 cola:
455 2650 528 2699 sed
552 2654 664 2700 dum
689 2655 780 2717 igni
805 2652 848 2701 se
876 2649 1128 2709 immiscet,

282 2732 379 2766 non
406 2717 627 2777 aduritur,
661 2719 777 2770 dum
798 2721 1044 2772 Oceanum
1061 2719 1130 2766 in·

1188 232 1302 278 trat,
1336 237 1432 274 non
1463 220 1769 287 demergitur,
1805 221 1920 274 dum
1953 223 2032 276 aii.

1187 303 1286 337 rem
1295 285 1460 345 vilitat,
1476 304 1569 336 non
1580 284 1887 337 humetffhttur.
1898 314 1913 321 —
1923 291 2031 340 Plus

1187 352 1307 409 dico,
1323 352 1478 416 potest
1493 356 1700 406 tenebras
1713 354 1903 423 ingredi,
1919 357 2032 419 quin

1187 415 1480 475 obscuretur,
1527 433 1766 481 penetrare
1807 420 2030 478 nihilum,

1188 487 1302 548 quin
1318 483 1648 536 confundatur:
1687 483 1899 536 meditari
1911 498 2031 537 tem-

1187 552 1401 618 pora,qui
1411 549 1524 600 fluat
1535 565 1641 599 cum
1653 554 1795 608 annis,
1814 549 2031 615 consequi
2053 568 2061 574 ·

1188 618 1505 679 motum,quin
1516 627 1775 665 moveatur.
1790 617 1909 664 Illud
1920 633 2030 681 prae-
2053 623 2059 639 ·’

1185 683 1346 745 primis
1375 680 1679 730 admiratione
1702 678 2029 745 dignissimum,

1191 746 1323 811 quod
1343 743 1505 800 sifort‘e
1524 748 1680 797 nubila
1701 746 1785 800 fi'nt
1811 749 1892 798 tibi
1913 762 2031 799 tem-

1190 830 1318 877 pora,
1336 807 1589 877 nullosque
1605 829 1816 861 numeres
1844 816 2032 869 amicos.

1189 895 1322 928 mens
1338 875 1453 935 sola,
1479 879 1555 930 stbi
1568 876 1651 928 soli
1670 876 1860 927 sufficiat
1887 897 1896 927 :
1928 881 1975 927 in
1993 877 2036 931 se

1194 942 1288 1007 ipso
1317 945 1563 995 concilium
1597 957 1821 992 convocat
1854 946 2036 994 intelle÷

1195 1008 1311 1067 (stus,
1327 1023 1444 1073 quot
1455 1011 1775 1073 cogitationes,
1791 1022 1863 1058 tot
1874 1014 2040 1062 nume}

1193 1089 1262 1127 rat
1274 1076 1470 1126 Achates
1485 1077 1673 1127 intimos
1689 1093 1706 1122 L
1739 1091 1843 1122 cum
1861 1077 1957 1132 his,
1991 1079 2038 1126 in

1194 1141 1344 1193 cordis
1372 1142 1577 1190 conclavi
1595 1141 1839 1198 deliberat,
1871 1139 2038 1192 discur-

1194 1211 1252 1256 rit
1275 1247 1288 1266 ,
1323 1205 1645 1270 stratagemata
1675 1205 1807 1254 struit
1827 1246 1839 1265 ,
1883 1210 1933 1260 &
1955 1207 2037 1258 de.-

1196 1270 1326 1322 struit
1338 1312 1349 1330 ,
1371 1270 1601 1320 machinas
1617 1271 1809 1324 'hostiles
1823 1273 2046 1336 explodit'

1194 1340 1284 1392 fine
1303 1340 1486 1405 fragore
1507 1377 1519 1397 ‚
1556 1340 1679 1390 bella
1707 1338 1911 1389 debellat
1936 1337 2036 1401 ‚sine

1190 1405 1381 1462 cruore‚'
1406 1404 1498 1471 sine
1508 1406 1636 1457 obice
1646 1417 1774 1468 parat
1792 1401 2045 1457 viffloriasz'
2069 1462 2074 1464 .

1191 1472 1335 1519 verbo
1358 1487 1370 1521 :
1406 1470 1495 1523 sine
1525 1470 1799 1535 proditioni-s
1827 1471 2042 1531 periculo⁴

1193 1535 1407 1589 subornat
1443 1540 1624 1593 omnia,
1658 1535 1736 1585 nisi
1764 1534 1855 1598 ipse
1886 1534 1938 1583 sit
1957 1534 2043 1582 fibi*

1189 1604 1478 1667 periculum,
1512 1600 1648 1666 seque
1678 1603 1804 1649 ultro
1823 1600 1899 1648 fibi
1920 1602 2036 1658 velit

1192 1671 1364 1733 eripere
1381 1667 1739 1736 proditorssiimul
1753 1705 1769 1729 ι,
1807 1669 1857 1722 ὃς
1880 1668 2031 1719 inimi-

1188 1751 1285 1783 cus.
1486 1772 1491 1778 .

1255 1800 1468 1852 L‘EUC:
1516 1798 1712 1847 Grandis
1739 1799 1904 1851 Hercle
1920 1813 2032 1861 prae-

1194 1868 1406 1929 rogativa
1419 1903 1430 1921 ,
1470 1880 1610 1928 quam
1622 1866 1804 1927 Superis
1822 1865 2034 1915 aemulam

1193 1929 1391 1996 poffidet
1411 1927 1677 1983 Intellectus
1688 1928 1701 1977 ’Ξ
1746 1929 1810 1979 ufi
1824 1930 1916 1980 hoc
1931 1930 2033 1977 fue—

1193 2000 1284 2046 rint
1302 2035 1316 2055 ,
1354 1999 1400 2044 in
1428 1993 1558 2043 suum
1580 1999 1632 2045 a&
1652 1995 1860 2044 Universi
1886 1997 2031 2047 totius

1191 2065 1564 2115 emolumentum
1596 2063 1868 2112 Salomones
1888 2098 1899 2116 ,
1934 2066 2031 2108 Au-

1190 2128 1380 2193 gustini,
1415 2129 1664 2189 Stagiritae,
1694 2128 1744 2176 &
1763 2127 1869 2182 alii,
1911 2141 2030 2189 quos

1190 2195 1359 2258 ingenii
1375 2193 1472 2239 >acie
1490 2193 1682 2255 Aquilas
1702 2228 1715 2247 ,
1752 2191 2032 2238 foecundita-

1191 2261 1491 2313 tePhoenices,
1512 2255 1773 2320 praestantiae
1784 2256 1929 2319 gloria
1948 2273 2030 2304 ve·

1186 2326 1256 2372 lut
1274 2322 1544 2378 Semideos,
1581 2318 1741 2368 erec‘hs
1775 2316 2026 2386 propemo-

1187 2390 1302 2438 dum
1311 2391 1414 2444 aris,
1429 2387 1587 2434 adorat
1596 2385 1854 2437 Posteritas.
1873 2394 1999 2437 MEL
2011 2405 2028 2435 .-

1186 2452 1391 2504 Defu'ere
1402 2467 1640 2516 nunquam
1651 2453 1941 2502 DivinaOrbi
1952 2456 2027 2501 In-.

1182 2521 1341 2584 genia:
1381 2533 1479 2581 quae
1496 2555 1509 2574 ,
1549 2517 1606 2564 de
1625 2519 1849 2565 natalium
1876 2517 2024 2582 splen-

1184 2587 1321 2642 dore,
1356 2581 1461 2634 cum
1479 2580 1569 2645 ipsa
1582 2582 1765 2631 Pallade
1785 2596 2022 2633 certarent.

1182 2649 1346 2701 Lustra
1365 2687 1378 2705 ,
1424 2647 1453 2696 si
1489 2649 1617 2698 lubet
1641 2686 1654 2705 ,
1702 2647 2024 2713 prodigiosos,

1181 2731 1303 2780 quos
1326 2715 1459 2764 nullo
1484 2729 1579 2763 non
1607 2716 1816 2782 tempore
1839 2713 2024 2775 elidere,

1851 2792 2023 2844 partus,

2265 227 2282 273 F,

2269 284 2282 366 >j
