2294 2933
298 41 365 102 96

132 285 176 320 ¹-
309 285 665 349 chrysostomus
694 305 734 338 ι.
768 297 1043 346 membrorum
1070 315 1147 347 no·

65 341 193 386 ⁸⁰⁹⁸·
305 350 533 413 biliffimum
552 388 568 414 ,
599 361 786 419 corporis
798 358 1147 421 gubernatorem,

70 414 203 460 Παῦε
307 418 560 480 microcosmi
580 420 713 468 Solem
739 427 1024 482 pronuntiat.
1083 430 1145 476 D.

57 469 229 534 Joann.
300 479 504 545 demque
530 482 809 546 Augustinus
838 501 881 535 2.
917 491 1057 540 oculos
1084 501 1150 540 ivr-

125 543 184 580 2-
304 554 370 594 ter
403 552 539 606 sensus
576 555 786 603 Principes
823 550 912 600 ess'e
971 554 1148 612 asserit,

109 593 140 642 1·
158 609 240 643 ‘¹00
305 625 503 673 quorum
515 611 1149 674 gratianixrinusArchiteetus

62 660 235 723 Confeffi
300 687 429 737 prata
462 675 651 725 floribus
675 683 1148 741 pinxerit‚distinxerit

59 738 103 775 c·
125 738 203 787 35·
299 739 765 798 colores‚stabiliverit
776 749 1019 808 elementa,
1033 753 1147 801 Coe-

301 805 402 852 lum
421 807 591 855 ornarit
610 807 824 860 fideribus
837 851 848 870 ,
867 817 917 864 &
940 816 1022 863 hac
1041 817 1146 879 pul-

296 869 555 919 chritudine
567 875 687 922 varia
696 912 710 930 ‚
745 892 793 923 ac
805 880 989 939 pulchra
1000 883 1146 928 varie-

300 947 410 991 tate,
441 933 730 998 spechibilem
741 941 856 989 hanc
867 945 1033 991 Mundi
1046 961 1145 992 ma-

296 1001 478 1046 chinam
501 1003 762 1062 procrearit.
858 1015 1015 1072 Atque
1033 1011 1148 1058 hanc

298 1066 360 1111 ob
404 1065 582 1114 causam
608 1071 913 1131 pronuntiasse
945 1074 1148 1122 credide-

296 1130 384 1176 rim
396 1131 657 1194 Stagiritam
670 1171 682 1190 ‚
704 1135 850 1198 magis
865 1137 1030 1187 anobis
1043 1139 1147 1187 dili-

297 1195 344 1257 gi
356 1196 532 1253 oculos,
545 1200 652 1260 quia
663 1202 792 1260 plura
804 1202 970 1250 docent
983 1220 996 1261 ;
1011 1202 1146 1251 scien-

299 1261 371 1306 tiae
389 1274 543 1309 autem
562 1265 785 1326 cupiditas
806 1270 1021 1315 omnibus
1040 1267 1145 1316 scia-

301 1336 375 1373 tur
385 1323 470 1374 effe
478 1332 734 1392 congenita.
755 1334 875 1380 Hinc
885 1335 962 1380 ubi
974 1350 1087 1391 rem,
1100 1337 1146 1381 in

294 1393 450 1454 paucis
468 1395 600 1441 nobis
622 1409 850 1459 acceptam
865 1435 878 1456 ‚
896 1401 1051 1461 paucis
1065 1414 1145 1446 ex-

297 1457 492 1520 primere
510 1461 718 1522 cupimus
735 1500 748 1519 ‚
790 1466 1011 1511 cariorem
1043 1463 1144 1528 ipsis

294 1524 442 1571 oculis
454 1560 468 1580 ,
490 1526 562 1572 vel
582 1526 783 1575 ocellum
799 1526 1006 1576 nostrum
1017 1545 1145 1576 com-

298 1589 538 1651 pellamus.
625 1593 722 1640 Nec
742 1590 766 1639 a
783 1610 895 1641 vero
923 1597 1145 1642 aberravit

296 1651 681 1719 nominatiffimus
731 1659 807 1706 ille
858 1662 1143 1723 Sapientium

297 1719 466 1768 Th21es
479 1757 492 1778 ‚
528 1720 681 1783 palam
722 1723 899 1772 edicens
912 1763 924 1782 ‚
961 1738 1142 1773 tantum

292 1781 384 1831 effe
401 1786 561 1833 oculos
580 1788 720 1845 inter,
757 1800 897 1852 atque
914 1806 1043 1838 aures
1054 1787 1142 1837 dis·

296 1849 467 1897 crimen
478 1887 490 1907 ‚
527 1865 753 1913 quantum
766 1856 1010 1903 veritatem
1026 1857 1142 1903 inter

297 1916 350 1964 &
376 1915 687 1964 mendacium:
728 1921 941 1968 omnibus
971 1922 1142 1985 quippe

294 1979 509 2030 usitatum
522 1984 756 2041 novimus,
778 1984 890 2033 teste
905 1989 1141 2043 Seneca,ut

290 2048 569 2108 *ampliorem
611 2051 756 2097 oculis
793 2047 934 2099 fidem
970 2053 1139 2100 tribua-

296 2125 401 2158 mus
413 2148 424 2167 ,
446 2113 583 2174 quam
598 2117 776 2163 auribus
789 2113 1040 2181 nimiopere
1053 2117 1141 2164 fal-

295 2177 492 2224 lacibus:
554 2194 603 2224 ac
641 2176 745 2227 licet
799 2197 904 2228 vera
943 2183 1140 2230 referant

293 2238 475 2304 segnius
488 2253 642 2290 tamen
661 2246 836 2292 irritant
866 2248 1044 2294 animos
1060 2246 1141 2293 de-

290 2304 418 2353 missa
437 2322 517 2369 per
541 2323 694 2365 aures,
735 2309 874 2372 quam
904 2327 1003 2373 quae
1039 2309 1140 2358 sunt

292 2370 915 2422 oculiscommiffafidelibus.
986 2382 1142 2438 Atque

291 2435 397 2482 inde
407 2432 581 2484 factum
593 2452 785 2485 autumo
798 2476 810 2494 ‚
836 2438 966 2501 quod
981 2454 1140 2487 natura

294 2502 488 2555 auribus,
503 2504 609 2562 quia
623 2505 859 2551 vilioribus
873 2541 885 2560 ‚
913 2506 1136 2551 humilio-

293 2579 388 2611 rem
418 2566 465 2610 in
491 2568 637 2627 capite
664 2565 906 2615 stationem
935 2567 1136 2631 designa-

291 2629 373 2685 rit,
393 2629 738 2681 &famulorum
758 2631 918 2692 instar,
947 2632 1136 2683 &latere

884 47 1028 115 scylla
1054 56 1180 116 atque
1208 46 1456 117 Charybdis·

305 155 679 229 hrum-divinum.
721 162 765 210 in
795 166 923 228 cujus
954 174 1153 230 gratiam
1207 167 1415 218 incedere
1447 171 1651 234 jufferit3
1704 171 1854 224 visum
1897 175 2052 236 verb,

305 218 607 273 constitutum
655 224 708 273 sit
761 232 1010 279 cerebrum.
1085 239 1147 284 D.
1207 234 1316 296 quia
1349 241 1502 301 Regem
1517 243 1737 299 Saffum,
1769 238 1883 289 teste
1899 242 2056 292 Philo·
2073 221 2167 277 1⁰5²
2181 226 2246 279 Ab

1204 313 1263 344 ne
1287 299 1333 345 in
1350 302 1509 358 vultu,
1553 305 1701 354 veluti
1733 306 1875 369 regali
1900 303 2016 356 solio
2042 345 2055 364 ,

1204 359 1472 412 sublimarit.

1287 492 1510 542 LEUC:
1548 494 1778 556 Ingratam
1801 496 1861 545 de
1897 498 2058 549 auditu

1206 567 1257 603 tu
1268 559 1448 605 auribus
1461 559 1833 609 cantilenamtnec
1843 560 2057 619 deess‘ent,

1206 637 1306 684 quae
1317 635 1475 670 contra
1488 621 1757 672 sententiam
1769 639 1864 673 tam
1876 626 2058 674 absolu-

1206 699 1301 733 tam
1327 688 1611 750 excipcrent,
1633 690 1857 751 Stagiritae
1872 693 2054 754 praepri-

1202 753 1290 799 mis
1332 752 1492 809 favor,
1542 754 1623 814 qui
1654 754 1890 812 auditum,
1928 754 2054 804 testi-

1202 818 1364 863 monio
1395 818 1580 879 publico
1603 854 1617 873 ,
1666 821 1831 881 Sensum
1872 821 2055 880 discipli·

1201 896 1258 928 nae
1282 883 1503 943 appellat:
1537 881 1864 942 protestaretur
1875 886 2055 932 Demo-

1202 947 1356 1001 critus,
1370 947 1450 1008 qui
1461 944 1588 994 facto
1598 943 1733 1008 plane
1741 949 1929 995 heroico
1941 987 1953 1006 ,
1975 949 2053 997 fibi

1202 1010 1364 1057 oculos
1386 1013 1530 1067 eruit,
1566 1027 1673 1059 eum
1697 1014 1744 1059 in
1768 1010 1911 1060 finem
1935 1051 1948 1069 ,
1999 1025 2053 1061 ut

1202 1076 1428 1138 aptiorem
1452 1072 1494 1122 se
1508 1075 1720 1124 redderet
1735 1074 2050 1141 Philosophiae.

1202 1141 1328 1210 Qia
1362 1151 1546 1195 tamen,
1581 1143 1824 1189 oculorum
1854 1157 2011 1190 amore
2036 1179 2050 1199 ‚

1202 1216 1474 1252 excaecatum
1484 1206 1578 1265 jam
1587 1202 1733 1252 sentio
1750 1205 2052 1270 Philosophiae

1202 1270 1397 1317 tribunal
1418 1307 1432 1325 ‚
1483 1269 1541 1316 ad
1572 1272 1784 1317 Ethicum
1820 1274 2049 1333 appellare

1199 1335 1469 1397 compellor.
1538 1337 1649 1383 Non
1658 1350 1748 1397 ego
1760 1334 1833 1382 hic
1843 1338 1890 1383 in
1899 1336 2047 1383 medi-

1199 1415 1282 1447 um
1293 1397 1481 1447 afferam
1493 1437 1506 1454 ‚
1539 1411 1724 1447 centum
1737 1401 1782 1447 in
1799 1402 1937 1449 oculo
1947 1415 2047 1448 ma-

1200 1466 1340 1520 culas,
1354 1465 1519 1526 quibus
1530 1462 1755 1527 gloriosus
1769 1464 1887 1513 adeo
1901 1463 2047 1528 splen-

1202 1529 1287 1576 dor
1304 1530 1571 1586 hebetatur‚
1603 1529 1737 1577 finon
1756 1529 1939 1592 penitus
1960 1533 2045 1577 ob-

1202 1591 1423 1642 scuretur:
1461 1609 1556 1640 non
1598 1594 1746 1641 dicam
1766 1632 1778 1650 ,
1824 1607 1920 1641 tam
1960 1592 2048 1642 effe

1199 1657 1412 1708 miserum
1430 1697 1442 1715 ‚
1466 1672 1519 1705 ut
1537 1696 1549 1715 ,
1586 1655 1693 1707 cum
1713 1658 1914 1721 primum
1934 1656 2048 1722 aspi·

1198 1728 1260 1772 cit
1275 1725 1426 1772 lucem
1443 1761 1456 1780 ‚
1485 1739 1599 1770 mox
1625 1722 1886 1771 effundatur
1906 1726 1952 1771 in
1979 1725 2046 1771 la·-

1197 1804 1375 1852 crymas
1395 1826 1408 1845 ‚
1460 1804 1508 1835 ac
1535 1788 1565 1835 fi
1593 1789 1901 1836 calamitatem
1921 1786 2046 1836 suam

1197 1851 1289 1917 i'pse
1316 1850 1575 1916 agnosceret
1597 1890 1610 1908 ,
1662 1855 1713 1903 ὅς
1739 1852 1999 1916 deploraret
2032 1868 2044 1899 z

1197 1935 1292 1966 non
1318 1919 1697 1966 commemorabo
1719 1930 1815 1966 tam
1836 1916 1921 1967 esse
1931 1918 2048 1965 deli-

1196 1998 1374 2040 catum,
1404 1995 1456 2030 ut
1479 1984 1641 2045 quavis
1667 1981 1861 2040 festuca,
1898 1982 2045 2030 veluti

1196 2049 1373 2107 lance&
1404 2049 1572 2110 quovis
1590 2045 1871 2109 pulvisculo,
1889 2039 2046 2096 radio-

1198 2131 1290 2178 que
1301 2113 1406 2162 solis
1418 2111 1657 2161 intensiore
1666 2149 1679 2167 ,
1701 2112 1845 2159 veluti
1857 2109 2044 2175 spiculo,

1197 2180 1464 2228 vulneretur
1476 2185 1489 2221 :'
1508 2189 1604 2223 tam
1621 2173 1708 2223 effe
1718 2176 1934 2224 timidum
1945 2214 1958 2233 ,
1989 2188 2043 2224 ut

1199 2244 1255 2293 ad
1263 2245 1472 2290 umbram
1482 2241 1670 2303 periculi
1679 2237 1935 2289 nistitando
1955 2237 2044 2289 sese

1199 2306 1439 2357 abscondat
1459 2343 1472 2362 ,
1516 2321 1553 2353 ι.
1589 2309 1833 2369 primasque
1862 2309 2043 2354 omnium
2147 2324 2192 2363 ι,
2274 2318 2277 2374 '3

1197 2379 1238 2421 in
1259 2387 1398 2438 pugna
1430 2377 1643 2418 vincatur,
1736 2371 1856 2420 Tam
1883 2370 2045 2418 imbel·
2064 2379 2197 2444 Vege-
2274 2399 2278 2432 ς

1194 2440 1311 2494 lem,
1345 2448 1397 2482 ut
1424 2435 1627 2482 Galenus
1642 2448 1686 2483 2.
1713 2436 1835 2483 ultra
1858 2447 2042 2491 centum
2061 2444 2151 2489 zius
2171 2473 2188 2499 ,

1192 2500 1482 2549 infirmitates
1539 2513 1776 2547 enumeret
1796 2537 1809 2557 ,
1873 2502 2039 2563 quibus
2123 2518 2168 2553 2.

1192 2566 1434 2628 subjicitur:
1449 2576 1544 2610 tam
1555 2563 1755 2626 denique
1764 2566 1977 2628 fragilem
1989 2566 2039 2620 &
2058 2570 2100 2616 in
2111 2571 2252 2617 intro·

1191 2631 1412 2680 caducum
1436 2664 1450 2687 ‚
1488 2640 1540 2677 ut
1560 2632 1770 2679 omnium
1788 2632 1964 2695 primus
1990 2630 2037 2684 in
2055 2630 2163 2680 duit.
2177 2630 2254 2697 ob:
2276 2676 2279 2681 Δ

1883 2705 2036 2743 morte
2043 2700 2172 2762 serv.
