2294 2933
879 32 1086 110 Spei-'ulum
1119 43 1342 105 Pbyficunu

238 160 489 218 solitudini,
527 156 772 226 rerumque
795 163 1076 212 delectabili-

231 246 310 277 um
333 230 619 292 contemptui
661 229 887 277 affuevere
906 248 920 288 ;
969 245 1076 276 nam

227 311 308 358 per
321 295 538 342 humores
560 295 647 340 hos
662 294 873 343 ascititios
892 311 985 341 non
996 310 1075 341 ex-

231 361 454 420 tinguitur
519 364 732 422 primaeva
797 362 1074 423 qualitatum

231 425 470 485 temperies
481 463 495 481 ,
518 423 590 473 sed
603 425 773 489 sopitur
790 442 882 472 non
894 425 1074 478 nihil,ac

229 493 397 551 tegitur
410 527 425 544 ,
444 492 494 539 &
511 489 842 553 injecto,veluti
865 487 1072 551 capistro,

0 556 12 573 ’·
44 539 167 583 (fide
227 557 499 601 continetur.
536 556 917 618 Liquetdenique
936 569 1071 615 quar-

43 615 195 654 m·s·‹5'·
230 618 304 673 to,
341 618 367 664 a
396 620 630 667 Medicinae
657 621 856 681 Principe
889 621 1071 666 Galeno

225 686 337 730 bene
350 684 402 729 ad
433 687 656 733 calculum
673 686 874 734 revocari
895 697 1068 730 novem

214 746 513 797 solummodo
598 751 818 812 praecipua
864 748 1065 797 hominis

215 826 588 876 temperamenta.
654 817 857 863 Primum
868 812 933 860 est
949 827 1065 860 tem-

214 893 449 941 peratum,
488 873 719 942 quod‘alii
746 881 927 941 justum,
987 876 1063 925 seu

215 944 272 990 ad
311 949 464 1006 pondus
511 947 769 1007 appellant,
830 941 889 990 eo
927 942 1059 1006 quod

211 1010 404 1070 aequales
417 1009 443 1056 a
466 1011 763 1070 qualitatibus
782 1009 900 1055 vires
917 1011 1057 1070 parti-

210 1075 350 1135 cipet,
387 1072 595 1136 justaque
607 1086 871 1121 caeterorum
900 1075 975 1120 lex
988 1072 1055 1128 fit,

210 1153 259 1185 ac
279 1140 456 1200 regula:
492 1155 584 1185 non
605 1151 859 1200 temperata
875 1135 973 1185 sunt
983 1154 1055 1184 re-

195 1203 336 1264 ‘l'iqua
365 1199 474 1250 oc‘to
504 1215 889 1267 temperamenta:
950 1202 1054 1250 fim-

204 1269 341 1330 plicia
387 1282 586 1330 quatuor
631 1264 921 1316 communius
955 1269 1050 1329 jam

206 1334 441 1388 cholerici,
480 1332 732 1396 sanguinei,
777 1333 1052 1394 phlegmati-

207 1398 272 1452 ci,
320 1414 369 1444 ac
413 1401 729 1446 melancholici
785 1399 1050 1444 nominibus

207 1465 522 1524 appellantur,
574 1463 681 1512 cum
699 1451 860 1513 ‘tamen
882 1460 1050 1510 melius

202 1525 470 1591 longeignei
491 1567 503 1585 ,
538 1532 679 1586 aerei,
715 1533 874 1594 aquei,
899 1531 1052 1577 &ter-

204 1594 267 1640 rei
289 1592 743 1642 nomenclationibus
773 1595 888 1644 affici
913 1593 1050 1640 debe-

202 1670 327 1714 rent,
359 1657 418 1706 eo
432 1657 563 1721 quod
579 1658 631 1707 ut
643 1659 842 1709 diximus
859 1698 871 1717 ,
891 1660 945 1706 ab
955 1660 1047 1705 ele—

203 1734 469 1771 mentorum
480 1724 773 1787 principalius
789 1764 801 1782 ,
839 1724 978 1789 quam
993 1723 1046 1769 ab

199 1788 453 1835 humorum
472 1789 670 1836 mixtura
683 1793 906 1838 oriantur:
940 1789 1046 1842 haec,

203 1850 259 1901 iit
279 1854 385 1901 talia
399 1891 414 1910 ,
440 1856 484 1900 in
495 1854 625 1902 nullo
634 1856 823 1904 homine
835 1853 900 1902 est
917 1869 1046 1916 repe-

200 1919 301 1964 rire.
393 1920 764 1981 Conjugatorum
786 1923 1046 1968 innumera-

201 1983 307 2030 bilis
329 1981 394 2030 est
411 1985 629 2039 variatio,
665 2000 764 2047 quae
810 1996 965 2033 tamen
990 1981 1046 2030 ad

200 2061 401 2111 quatuor
420 2044 638 2113 praecipue
651 2047 818 2112 species
828 2063 1047 2096 revocan-

199 2125 299 2167 tur,
339 2114 384 2160 in
414 2114 583 2176 quibus
612 2129 702 2161 una
726 2116 923 2177 qualitas
937 2127 1045 2176 prae-

199 2178 492 2235 dominatur,
531 2181 619 2235 ita,
647 2191 700 2226 ut
712 2182 851 2227 altera
869 2180 921 2227 fit
934 2194 1044 2225 con-

194 2240 377 2306 juncta,
411 2244 612 2307 ingradu
633 2241 927 2292 solummodo
964 2259 1043 2290 ex-

197 2309 380 2357 cellenti
393 2325 405 2354 τ
424 2321 564 2371 atque
579 2311 683 2356 hinc
693 2310 856 2357 dicitur
866 2321 1044 2370 tempe·

139 2411 143 2415 .
197 2385 457 2421 ramentum
478 2371 1043 2437 cholerico-sanguineum,

196 2435 444 2501 sanguineo
463 2469 484 2475 -
502 2441 777 2486 cholericum
804 2476 816 2496 ,
862 2441 938 2486 ubi
966 2439 1010 2486 id
1031 2474 1042 2491 ‚

200 2503 328 2565 quod
348 2500 538 2550 secundo
561 2505 665 2550 loco
684 2516 896 2565 ponitur,
932 2519 1042 2566 prae—

196 2568 683 2630 cenereintelligimus,
711 2568 1038 2618 &indicamus

261 2632 471 2683 LEUC.
514 2633 588 2683 Ad
620 2647 731 2698 vota
769 2631 995 2698 prolixitas
1025 2669 1043 2690 ‚

1885 63 1978 111 133

1131 161 1476 224 temperamenti
1501 156 1700 224 e&ypoii
1715 163 1978 224 efformfisti,

1132 229 1257 292 quod
1286 227 1499 290 equidem
1521 231 1720 276 Scientiae
1738 233 1875 293 hujus
1905 234 1978 278 di-

1130 296 1362 340 vinatoriae
1381 294 1453 354 obj
1463 290 1613 339 eftum
1648 312 1735 357 ego
1754 298 1974 358 interpre-

1131 372 1218 405 tor.
1289 358 1374 407 Sed
1403 374 1511 420 age,
1545 363 1751 406 animum
1776 363 1974 422 explica,

1130 439 1294 485 quam,
1333 437 1376 471 te
1395 424 1577 485 Judice,
1608 438 1807 472 meretur
1826 424 1968 472 fidem

1127 488 1503 550 Physiognomia?
1551 486 1675 545 sunt,
1729 491 1808 552 qui
1846 491 1972 536 illius

1126 555 1307 600 oracula
1334 555 1387 600 ad
1404 557 1706 616 Cingarorum
1721 555 1970 616 tripodem,

1126 619 1252 665 velut
1268 615 1612 680 superstitionis,
1649 632 1728 667 aut
1747 613 1867 666 certe
1889 634 1974 666 va-

1121 686 1278 730 nitatis
1321 681 1477 731 evic'tae
1515 685 1708 732 ludibria
1742 687 1965 745 relegant.

1119 754 1296 795 MEL.
1337 749 1440 796 Scio
1459 750 1663 812 iniquam
1689 749 1855 811 crysm,
1892 745 1971 794 sed

1123 828 1261 874 quam
1274 829 1367 860 non
1403 815 1578 869 ferunt,
1607 814 1686 862 nifi
1713 812 1963 860 dictatores

1117 878 1185 923 illi
1203 916 1215 934 ,
1252 880 1418 941 quibus
1439 880 1669 926 cerebrum
1689 878 1713 925 a
1738 879 1868 924 dolio
1889 875 1963 923 sae-

1114 944 1217 1003 pius
1241 947 1469 1000 volvitur,
1511 943 1650 1005 quam
1676 943 1752 1005 ipsi
1770 957 1874 988 cum
1893 945 1964 989 Si-

1112 1009 1297 1070 nopensi
1324 1006 1601 1070 philosopho
1645 1009 1824 1055 dolium
1856 1007 1967 1053 vol-⁷

1113 1086 1237 1121 vant.
1307 1075 1408 1121 Scio
1429 1074 1666 1120 rudiorum
1684 1074 1964 1128 calumnias,

1112 1136 1184 1185 sed
1208 1140 1313 1201 quia
1326 1139 1562 1185 rudiorum
1577 1176 1590 1195 ‚
1628 1154 1721 1185 non
1739 1136 1962 1185 curandas

1110 1200 1221 1260 scio,
1275 1216 1441 1265 utpote
1475 1205 1644 1266 quibus
1667 1202 1840 1265 semper
1862 1203 1954 1249 fuit

1111 1265 1316 1323 solenne,
1337 1270 1497 1316 altiora
1520 1280 1674 1331 captu,
1703 1266 1959 1331 spernendo

1109 1334 1372 1396 explodere.
1474 1335 1740 1396 Caligantes
1798 1333 1960 1394 Talpae

1107 1395 1224 1454 sunt,
1249 1400 1321 1452 vel
1333 1397 1491 1460 potius
1506 1401 1710 1446 veritatis
1722 1401 1869 1446 lucem
1880 1398 1960 1446 fu-

1105 1466 1281 1526 gientes
1309 1460 1513 1510 no<9tuaez
1546 1462 1653 1511 ideo
1666 1463 1964 1511 Divinaehuie

1105 1531 1305 1577 Scientiae
1315 1526 1456 1574 fidem
1466 1527 1758 1592 negant,quia
1772 1530 1957 1584 timent,

1103 1610 1161 1640 ne
1180 1594 1252 1639 vel
1272 1594 1427 1640 invitis
1438 1594 1655 1656 depingat
1677 1597 1945 1641 nativume-

1103 1655 1303 1721 &ypom
1339 1669 1390 1704 ut
1425 1675 1519 1706 non
1543 1659 1621 1706 nifi
1648 1658 1829 1721 propria
1842 1673 1957 1705 con-

1102 1720 1210 1771 victi
1232 1720 1434 1779 scientia,
1469 1726 1518 1773 &
1545 1722 1811 1772 conscientia
1833 1724 1950 1769 fate-

1100 1791 1136 1835 ri
1158 1800 1378 1851 cogantur
1397 1827 1409 1845 ,
1428 1790 1650 1851 maj-orem
1663 1825 1675 1843 ,
1695 1803 1834 1850 quam
1849 1788 1950 1835 vel-

1100 1855 1230 1909 lent,
1287 1854 1646 1916 Phyfiognomiae
1691 1853 1950 1900 habendam

1100 1917 1256 1965 fidem.
1341 1917 1556 1981 Haecipsa
1581 1915 1706 1966 causa
1725 1916 1816 1974 est,
1868 1933 1950 1965 cur

1102 1979 1412 2045 ePhilosophis
1427 1985 1560 2031 multi
1575 1985 1803 2030 calamum
1814 1981 1948 2030 strin-

1099 2051 1276 2104 xerint,
1304 2045 1689 2099 &nobiliffimam
1712 2049 1825 2095 hanc
1841 2049 1949 2095 Phi-

1099 2111 1316 2176 losophiae
1354 2112 1515 2162 nostrae
1534 2127 1711 2176 partem
1732 2129 1780 2161 ac
1809 2114 1945 2160 Divi-

1098 2195 1164 2225 nae
1186 2176 1468 2227 Praescientiae
1488 2179 1698 2226 aemulam
1712 2214 1726 2233 ,
1787 2191 1950 2228 contra

1099 2243 1313 2291 rudentes
1350 2245 1536 2301 Zoilos,
1569 2242 1595 2292 a
1622 2240 1840 2306 probroso
1867 2241 1939 2290 su-

1096 2307 1379 2373 perstitionis.
1412 2308 1648 2373 stigmate,
1697 2306 1941 2356 efficaciter

1099 2390 1191 2421 non
1204 2371 1357 2423 minus
1381 2413 1395 2432 ,
1443 2373 1583 2438 quam
1604 2374 1761 2422 acriter
1792 2373 1948 2421 vindi-

1098 2439 1251 2487 carint.
1291 2443 1372 2487 Me
1382 2439 1508 2502 quod
1523 2443 1703 2494 attinet,
1722 2438 1943 2502 Phyfiog-

1096 2501 1301 2551 nomistis
1320 2505 1501 2552 meliori
1519 2506 1643 2566 jure3
1663 2505 1791 2551 illam
1812 2503 1943 2568 adju-

1095 2569 1703 2633 dicoAuthoritatem,quam
1725 2569 1838 2615 olim
1859 2585 1941 2617 va-

1097 2634 1214 2684 tibus
1235 2632 1320 2681 suis
1342 2636 1499 2684 tribuit
1520 2629 1821 2701 superstitiosa
1846 2639 1946 2681 An-

1199 2700 1255 2770 B.
1291 2712 1318 2764 3
1730 2700 1943 2760 tiquitas,
