2294 2933
0 1854 68 1970 ἰοὶ.
89 1899 137 1974 de

11 1971 156 2012 {ecreus

11 2035 44 2080 id
62 2033 194 2080 Alex.

801 57 922 121 Scjlla
954 66 1078 115 atque
1117 57 1346 128 Charybdis.

206 170 402 239 pulsares
425 208 437 226 ‚
472 181 629 218 tantus
660 170 856 226 insonuit
879 173 1054 235 fragor,

205 255 254 288 ac
265 237 296 283 si
305 251 591 286 tormentum
603 239 818 290 bellicum
833 238 1054 300 explode-

203 316 271 352 ret
299 301 475 350 hostilis
488 305 630 352 furor.
670 302 743 352 De
760 304 924 350 'natore
936 319 1053 366 quo-

203 368 343 426 dam,
382 385 439 415 ex
468 370 700 417 Panthoto
736 368 920 418 Medico
961 365 1052 432 ipse

205 435 318 487 mihi
330 449 589 483 narraveras
602 474 614 492 ‚
652 437 785 483 illum
799 436 844 481 in
871 448 1052 495 campa-

204 514 285 554 na,
320 496 375 546 ut
399 513 586 557 vocant,
624 500 899 557 urinatoria,
935 498 1054 546 infra

206 579 346 626 aquas
369 563 608 613 demissum
630 603 644 622 ‚
670 565 961 612 venatorium
986 564 1055 610 in-

204 626 324 675 flasse
371 645 536 688 cornu,
572 628 645 677 sed
678 631 739 676 ob
771 632 1022 675 immanem
1041 664 1057 684 ‚

209 709 269 740 ex
287 696 506 744 omnibus
547 689 961 758 campanaepune’tis
984 708 1057 741 re-

203 756 387 822 pulsum
399 759 636 824 strepitum
651 797 664 818 ,
688 757 1061 821 illicovertigine

211 825 263 872 &
302 821 515 873 surditate
547 837 826 887 correptum.
930 822 1061 891 Qiid

208 887 357 936 dicam
372 889 428 937 de
441 893 553 937 tubo
565 888 757 937 acustico
770 925 784 945 ‚
818 892 897 951 qui
922 894 1062 936 etiam

207 950 439 1003 surdastris
456 968 730 1018 tympanum
749 952 897 1017 pulsat
911 992 922 1010 ‚
943 951 1061 1016 sopi-

211 1014 410 1082 tumque
422 1025 590 1068 excitat
610 1021 846 1067 auditum?
880 1019 991 1082 quid
1005 1018 1063 1064 de

214 1081 379 1145 speculi
401 1087 645 1148 parabolici
672 1087 807 1141 foco,
853 1086 900 1131 in
922 1099 1063 1146 quem

213 1146 365 1197 sonori
386 1151 496 1198 radii
518 1150 573 1198 s1c
592 1162 883 1205 concurrunt,
913 1162 964 1196 ut
983 1165 1063 1196 ore

213 1214 366 1261 eidem
402 1215 615 1278 opposito
639 1255 652 1273 ‚
704 1230 868 1262 vocem
902 1214 1063 1261 reddat

214 1282 530 1331 Stentoream?
566 1280 678 1343 quid
718 1280 777 1326 de
816 1277 1066 1342 specubus,

217 1343 434 1401 eisternis,
470 1347 591 1393 cavis
605 1345 784 1395 Muficae
796 1343 1067 1392 instrumen-

216 1412 303 1457 tis?
339 1411 450 1473 quid
469 1411 526 1458 de
539 1409 661 1468 scalis
681 1413 728 1458 in
741 1411 972 1458 cochleam
985 1412 1067 1456 cir-

215 1478 567 1533 cumeuntibus,
607 1477 719 1540 quid
749 1477 806 1523 de
841 1491 1067 1538 tympano

215 1557 361 1604 prope
399 1544 520 1589 urbis
570 1545 747 1589 moenia
777 1539 985 1603 pulsato?
1024 1543 1069 1586 in

221 1607 389 1667 quibus
409 1609 623 1656 omnibus
642 1646 654 1664 ,
692 1608 886 1654 mirabili
903 1619 1071 1653 naturae

222 1670 362 1728 ludo,
397 1671 983 1731 ficsesevocesintendunt,
1019 1683 1073 1717 ut

225 1736 503 1784 Auditorem
526 1775 539 1794 ,
594 1738 672 1785 nifi
708 1732 1037 1799 Philosophum
1059 1772 1072 1791 ,

226 1801 271 1846 in
296 1799 528 1864 stuporem
552 1801 723 1849 merito
760 1803 951 1864 rapiant.
986 1800 1074 1849 Sed

226 1868 404 1913 minora
419 1865 516 1915 sunt
536 1867 637 1924 ista,
674 1865 814 1930 quam
837 1881 888 1914 ut
911 1882 1074 1914 move—

227 1945 304 1979 ant
315 1933 488 1994 peritos
501 1933 691 1995 Phyfieee
702 1934 935 1981 Cultores.
975 1934 1075 1980 Sta-

226 1998 409 2060 giritam
437 2013 577 2045 cornu
605 1997 841 2059 cujusdam
877 1998 1076 2044 mentio-

230 2079 336 2110 nem
371 2063 794 2124 facereperhibent‚
834 2077 929 2124 quo
952 2061 1079 2108 infla-

231 2140 283 2176 to
301 2128 487 2175 Pellaeus
511 2131 662 2176 Herus
692 2130 966 2183 exercitum,
987 2126 1080 2174 Or-

229 2193 300 2240 bis
335 2193 646 2249 domitorem,
682 2193 737 2239 ad
773 2193 920 2239 multa
941 2191 1083 2252 stadia

232 2255 479 2320 dispersum
494 2295 507 2314 ‚
528 2258 617 2305 five
637 2259 874 2320 collegerit
894 2294 907 2312 ,
935 2257 1082 2304 sivein

233 2324 376 2369 aciem
409 2319 506 2386 disp
526 2322 670 2370 ›fitum
682 2323 738 2369 ad
762 2326 811 2369 tri
821 2320 1084 2383 umphosfic

234 2386 442 2435 animarit
463 2425 475 2442 ‚
515 2404 565 2435 ac
587 2388 617 2435 fi
649 2387 848 2450 singulos
881 2389 1082 2433 militum

236 2449 423 2515 praesens
446 2454 772 2514 alloqueretur.
843 2451 928 2499 Sed
942 2449 1081 2498 fidem

235 2517 576 2580 propemodum
635 2515 808 2579 superat
850 2515 1080 2564 Marlandi

233 2582 371 2634 tuba,
410 2597 547 2641 quam
584 2599 679 2629 non
711 2582 788 2629 n3fi
824 2597 906 2643 pro
948 2584 1085 2628 Fama

240 2640 500 2694 confestam
509 2647 711 2696 crederes
725 2660 776 2696 ut
807 2661 973 2710 nempe
979 2650 1084 2710 g10÷

1885 63 1942 116 85

1106 168 1278 227 riosum
1305 172 1527 220 Audieris
1568 187 1760 230 nomen,
1797 185 1952 221 totum

1108 255 1187 303 per
1221 239 1381 286 orbem
1399 235 1577 286 facilius
1597 236 1650 284 fic
1673 238 1949 302 divulgaret.

1109 305 1228 363 Tam
1245 300 1509 367 prodigioso
1532 301 1722 350 artificio
1738 305 1828 350 haec
1843 306 1952 351 tuba

1108 367 1270 417 sonum
1290 368 1516 425 intendit,
1545 379 1599 417 ut
1631 366 1952 417 Architalaffus

1107 431 1181 481 sua
1196 437 1389 496 Imperia
1404 433 1462 481 ad
1486 435 1712 496 integram
1740 431 1921 481 claffem
1941 470 1957 490 ,

1109 496 1275 562 absque
1303 496 1531 546 emissariis
1550 499 1741 557 lembis,
1776 501 1824 546 in
1854 514 1960 545 mo-

1110 578 1270 611 mento
1281 563 1579 612 diffunderet:
1599 577 1652 612 ut
1663 559 1962 627 civitas,pres-

1112 627 1156 677 sa
1179 628 1411 676 obfidione
1423 667 1436 685 ‚
1475 631 1933 677 amicumexercitum
1945 664 1960 685 ,

1114 693 1464 742 dematurandis
1478 691 1718 758 suppetiis,
1751 694 1870 757 perfi
1905 707 1965 740 na

1117 755 1269 806 subite)
1279 757 1512 815 edoceret,
1546 761 1675 821 cujus
1688 759 1858 821 insigne
1881 773 1961 822 pe-

1118 826 1267 871 cimen
1279 823 1405 870 dedit
1426 825 1592 870 ultima
1609 825 1731 870 urbis
1753 825 1935 885 Tanger
1949 860 1964 878 ,

1118 890 1164 936 in
1183 889 1334 937 Africa
1347 887 1434 935 sitae
1455 888 1654 947 obsidio,
1691 889 1768 935 ubi
1795 885 1967 935 resciffo

1122 956 1176 1002 ab
1216 951 1423 1000 hostibus
1453 955 1579 1000 vallo
1603 991 1616 1010 ‚
1690 953 1796 1001 cum
1828 956 1968 999 inter-

1117 1017 1263 1066 clusus
1277 1019 1320 1064 in
1330 1019 1488 1065 urbem
1499 1017 1604 1065 esset
1615 1020 1786 1066 nuntiis
1799 1017 1968 1073 aditus,

1117 1097 1313 1146 uterque
1345 1096 1440 1130 tam
1471 1085 1605 1140 valli,
1642 1083 1782 1146 quam
1813 1083 1965 1130 muni-

1119 1145 1512 1196 mentiPraefeE'tus
1525 1186 1538 1205 ‚
1562 1164 1646 1211 per
1657 1147 1881 1211 ejusmodi
1894 1160 1970 1195 tu-

1121 1217 1228 1270 bas,
1293 1213 1350 1259 de
1382 1214 1574 1261 ferendo
1601 1211 1820 1269 summio,
1855 1208 1970 1274 ejus-

1123 1296 1213 1342 que
1240 1278 1385 1326 modo
1419 1281 1470 1327 δε
1488 1292 1697 1342 tempore
1730 1280 1972 1339 colloque-

1122 1347 1313 1399 bantur,
1354 1346 1405 1393 &
1425 1343 1614 1406 quidem
1634 1344 1857 1391 idiomate
1874 1349 1971 1390 An·-

1123 1412 1267 1473 glicO,
1304 1408 1517 1456 &Mauris
1537 1407 1743 1457 hostibus
1772 1424 1867 1456 non
1901 1408 1971 1454 in-

1125 1472 1332 1523 telleStO.
1435 1473 1521 1522 Sed
1543 1474 1616 1521 hic
1652 1473 1861 1522 nondum
1889 1468 1980 1520 sese

1126 1539 1227 1587 finit
1240 1540 1441 1586 utilitas:
1474 1555 1583 1602 cape
1595 1542 1752 1587 tubam
1764 1539 1977 1587 Morlan-

1127 1606 1303 1660 dicam,
1334 1607 1383 1652 &
1404 1607 1538 1651 unius
1569 1607 1698 1660 litui,
1730 1606 1881 1652 eidem
1905 1605 1975 1650 in-

1130 1668 1229 1717 serti
1241 1707 1255 1726 ,
1291 1670 1503 1731 clangore
1515 1671 1836 1717 imminentem
1845 1685 1977 1716 exer-

1129 1737 1272 1782 citum
1294 1734 1545 1782 simulabis:
1579 1735 1765 1782 modico
1799 1732 1977 1797 sclopo,

1130 1802 1249 1847 intra
1267 1801 1389 1846 illius
1416 1804 1660 1848 cavitatem
1702 1812 1980 1854 exonerato,

1132 1867 1835 1912 tormentabellicaaemulaberis.
1866 1858 1980 1912 Infla

1130 1932 1451 1983 hunclituum‚
1476 1928 1726 1992 &dispersa
1742 1933 1856 1977 inter
1867 1945 1977 1991 pro..

1133 1996 1272 2042 cellas
1292 1997 1474 2057 navlgia
1498 1996 1978 2056 contranaufragfum:

1135 2062 1336 2107 militum
1348 2075 1532 2115 cuneos,
1549 2064 1591 2108 in
1605 2062 1802 2108 tenebris
1825 2060 1982 2121 palan-

1138 2137 1207 2173 tes
1223 2163 1236 2181 ,
1273 2137 1429 2171 contra
1447 2124 1634 2173 hostiles
1647 2124 1850 2180 assultus,
1873 2141 1983 2172 con-

1137 2190 1236 2238 silio
1284 2191 1332 2239 &
1366 2207 1455 2251 ope
1488 2205 1641 2246 tutus,
1696 2191 1981 2253 pra’munies.

1138 2253 1242 2302 lmb
1264 2256 1452 2302 utilitati
1466 2273 1616 2319 neque
1635 2254 1757 2302 deest
1774 2254 1985 2316 jucundi-

1139 2332 1234 2366 tas:
1269 2319 1653 2381 plureseiusmudi
1675 2323 1803 2367 tubas
1830 2319 1988 2368 inflare

1138 2384 1266 2432 simul
1289 2384 1318 2430 si
1340 2387 1519 2447 jubeas,
1564 2387 1825 2435 Martialem
1848 2384 1985 2433 musi-

1140 2465 1261 2504 cam,
1287 2444 1985 2508 ed3ffi÷³s10corumintervallis,

1140 2511 1367 2577 phonasco
1407 2519 1536 2564 nullo
1572 2530 1889 2576 comparente,
1938 2517 1986 2562 in

1140 2595 1303 2640 campo
1322 2581 1464 2628 libero
1494 2582 1747 2629 adom-abis.
1818 2583 1863 2628 Si
1883 2580 1990 2626 alti-

1140 2661 1219 2694 ore
1232 2641 1253 2692 ὲ
1272 2643 1462 2707 specula,
1479 2647 1748 2698 fraudisfive
1760 2648 1987 2711 ignarum,

1251 2711 1292 2762 L
1330 2728 1354 2772 3
1895 2709 1990 2759 five
