2294 2933
0 228 16 267 ἐξ

0 294 4 303 r

861 53 1039 122 Coloffiu
1070 53 1289 121 Mystictes.
1905 59 1965 115 63

219 192 266 223 re
275 181 529 224 Amazones
543 174 634 222 fine
647 174 782 222 barba
792 175 960 223 fortes:
996 175 1065 237 ip-

219 236 610 301 suin.ApolIii]em‚
646 239 671 286 a
682 238 822 288 Musis
839 242 1066 302 Juvenem

0 306 157 364 [zap-lat,
218 305 332 360 coii,
366 302 495 351 estin
512 316 766 366 comperto.
829 307 947 353 Hinc
965 309 1067 353 Du-

0 366 2 386 i

0 391 2 401 ι

0 504 12 558 iv

215 384 317 416 cem
335 368 394 415 de
412 371 571 416 Domo
592 370 844 417 Burbonica
868 372 1064 433 legimus

219 434 471 493 (Heroum
491 471 502 489 ‚
536 432 634 480 imo
659 432 840 482 Divfim
868 435 934 481 vde
955 437 1066 482 San-

219 500 356 561 guine
371 501 528 546 Sarum
549 501 766 556 nomino,
785 500 893 549 cum
915 503 1066 547 nomi-

218 579 282 609 no
315 560 651 611 Burbonensem
677 568 700 626 )
737 567 817 627 qui
847 566 1023 613 Seniori
1051 603 1065 622 ‚

217 641 427 674 mentum
463 631 710 676 innocuum
748 632 1065 692 exprobranti,

216 691 272 739 fic
304 693 538 754 quondam
563 690 818 742 Laconice:
853 711 936 743 non
966 697 1057 742 ban

215 758 274 817 hu
297 795 309 811 ,
330 761 405 817 sed
426 761 574 822 sufibus
593 773 820 819 pugrnvrur.
886 759 1066 808 Eodem

215 818 354 884 stylo,
381 835 520 885 atque
535 822 869 873 novaeularafit
881 827 1067 874 cavilla-

218 897 381 944 torem,
401 891 480 949 qui
496 888 663 936 dicenti
679 886 962 947 sententiam,
980 907 1065 954 og-

211 967 374 1016 gerere
391 950 519 1000 ausus
540 952 631 1002 est:
671 953 910 1002 abstineret
929 955 951 1003 a
967 959 1066 1019 jure

217 1017 415 1064 dicundo
437 1056 449 1073 ,
483 1019 594 1065 dum
620 1022 754 1067 barba
775 1019 1033 1070 recresceret
1053 1038 1062 1069 :

216 1084 421 1136 mamille
438 1084 636 1132 breviter
655 1101 665 1131 ε
705 1090 844 1132 simiae
863 1103 943 1134 non
964 1087 1059 1134 hcm

217 1147 312 1194 bd,-
373 1150 435 1194 [τά
471 1162 602 1196 mente
627 1149 845 1210 Judicium
870 1154 1065 1214 ferimus.

214 1213 431 1275 Denique
474 1211 580 1262 cum
628 1217 849 1264 Henricus
890 1254 904 1273 ‚
964 1220 1068 1266 Rex

216 1278 376 1324 Gaiiia:
402 1315 414 1335 ‚
452 1280 654 1342 Legatos
681 1285 887 1329 Venetos
908 1284 1067 1330 remit-

217 1354 359 1398 teret,
396 1342 914 1408 addeponendampribs
934 1349 1065 1395 lanu-

213 1409 369 1469 ginem
398 1446 411 1465 ‚
447 1409 634 1457 illorum
663 1413 827 1474 aliquis
859 1415 973 1477 Regi
994 1414 1064 1461 his

216 1473 402 1520 barbam
439 1475 610 1523 vellere
637 1491 647 1523 :
693 1480 727 1543 Ji
746 1480 936 1541 promiffii
955 1481 1064 1541 facit

215 1543 451 1603 Sapientem
468 1540 622 1595 barbae,
661 1542 925 1606 quid-obstat,
956 1551 1063 1593 Bar·

217 1602 337 1652 batus
346 1605 466 1668 poffit
481 1643 496 1666 ,
539 1611 636 1670 quin
647 1619 770 1671 caper
781 1609 852 1672 effe
864 1608 1000 1663 Plato.

280 1735 470 1784 LEUC:
509 1736 737 1797 Cynicum
758 1734 944 1784 dentem
956 1753 1066 1784 con-

217 1803 365 1864 iungit
383 1801 532 1849 barbae
545 1801 618 1847 hie
635 1805 858 1849 Venetus.
936 1803 1066 1872 Qid

215 1861 329 1931 'ergo
342 1866 398 1913 de
407 1865 620 1916 dentibus
638 1865 1066 1930 eruditiPhilosophi

216 1932 506 1981 memorant?
553 1940 696 1980 MFL:
734 1934 878 1979 Pauca
906 1970 919 1989 ,
950 1935 1067 1981 rela-

216 2010 270 2046 tu
281 2011 433 2063 tamen
445 1991 715 2058 digniffima.
753 1999 930 2045 Dentes
950 1999 1067 2045 invi-

216 2058 279 2111 sti
291 2063 468 2125 ignibus
483 2097 498 2118 ,
534 2061 661 2124 quod
672 2063 847 2109 mireris
860 2099 872 2119 ‚
904 2078 1067 2110 cavan-

217 2140 293 2178 tur
304 2129 488 2190 pituita:
523 2127 683 2174 dentes
696 2127 908 2183 humani,
944 2130 1066 2175 toxi-

217 2209 323 2241 cum
343 2192 580 2256 quoddam
599 2193 728 2239 alunt
748 2230 759 2247 ‚
798 2195 901 2239 hine
920 2209 976 2239 ex
989 2193 1066 2240 ad-

217 2255 347 2312 verso
357 2257 532 2313 nudati,
544 2259 742 2303 nitorem
755 2254 913 2319 specus¹
929 2260 1067 2305 hebe-

7 2311 204 2377 ‘oGaflens-
219 2336 335 2385 tant,
353 2325 403 2372 &
415 2323 731 2370 columbarum
741 2323 887 2370 foetus
899 2325 1066 2386 impiu-

217 2404 316 2437 mes
326 2399 485 2434 necant
500 2405 507 2432 :
531 2389 752 2449 triplicem
769 2387 980 2435 dentium
991 2405 1067 2435 or-

216 2455 387 2505 dinem,
409 2454 478 2499 ve}
487 2466 536 2498 ut
548 2454 771 2499 ex?1n'.um
783 2454 887 2500 forti
896 2453 1066 2500 tudinis

198 2569 201 2571 ,
216 2519 394 2581 signum
407 2554 418 2573 ,
443 2515 598 2564 histori
610 2518 793 2579 eugraphi
804 2517 860 2565 de
871 2520 1068 2565 Hercule

216 2583 762 2643 referuntJHudI-Iippocr
777 2585 821 2628 rt³
841 2581 1069 2643 estexplo-

218 2660 371 2698 ratum
388 2652 413 2706 ‚*
434 2645 567 2711 qubd
588 2650 666 2711 qui
685 2647 821 2696 dente
840 2649 1068 2713 multipli-

1118 171 1158 219 ci
1185 171 1432 234 praevalent
1465 208 1479 228 ‚
1528 172 1800 234 praevaleant
1836 170 1931 220 vita
1951 188 1968 221 z

1120 239 1354 284 raritatem
1373 234 1486 283 vero
1509 237 1552 282 in
1571 236 1782 284 dentibus
1802 275 1815 295 ,
1841 253 1970 284 com·

1119 299 1343 363 pendiosae
1363 298 1447 347 effe
1459 301 1803 349 vitaeindicium.
1875 302 1971 350 Or-

1120 365 1293 414 dinaria
1322 380 1490 414 naturae
1508 368 1612 429 lege
1630 403 1642 422 ,
1686 366 1969 429 trigesimum

1120 446 1365 478 numerum
1378 433 1451 480 vel
1471 431 1726 493 adimplent
1736 433 1811 479 vel
1839 429 1970 494 supe-

1118 507 1220 542 rant
1249 512 1259 542 :
1296 497 1545 545 Timarcho
1578 507 1732 544 tamen
1767 498 1972 551 Nicoclis

1119 557 1220 607 filio
1250 576 1345 608 non
1375 561 1454 610 nisl
1487 563 1726 625 geminum
1756 563 1972 618 dentem,

1118 626 1294 687 Pyrrho
1312 628 1601 688 Epirotarum
1627 629 1745 691 Regi
1778 644 1875 675 non
1892 627 1972 675 nisi

1119 691 1306 737 unicum
1328 689 1456 738 fuisse
1490 693 1703 753 legimus.
1780 694 1973 743 Glorio-

1121 750 1218 800 sum
1237 770 1400 812 omen,
1442 758 1491 804 &
1513 758 1745 818 optimum
1763 796 1774 815 ‚
1803 773 1971 820 pueros

1120 816 1236 875 nasci
1267 835 1373 867 cum
1408 821 1621 868 dentibus
1649 859 1663 878 ,
1728 820 1973 886 peffimum

1120 882 1500 934 nascifoemellas:
1539 884 1727 934 testatur
1750 889 1837 935 hoc
1854 891 1976 937 Cne-

1119 966 1173 997 us
1183 952 1384 1013 Papirius
1399 989 1412 1007 ‚
1447 954 1497 1000 &
1508 954 1689 1000 Marcus
1702 955 1845 1002 Curio
1860 954 1973 1000 den-

1122 1027 1265 1062 tatus:
1302 1029 1497 1079 uterque
1513 1017 1687 1074 lucem,
1708 1034 1848 1080 quam
1867 1033 1973 1065 curn

1119 1080 1331 1127 dentibus
1344 1080 1577 1139 hauserat,
1614 1082 1847 1145 gestorum
1869 1086 1973 1146 glo-

1119 1144 1183 1192 ria
1214 1144 1456 1194 illustrarat
1491 1163 1500 1193 :
1559 1146 1747 1195 testatur
1770 1151 1859 1196 hoc
1877 1151 1974 1196 Lu-

1120 1209 1313 1258 dovicus
1331 1215 1453 1259 XIV.
1476 1215 1578 1261 Rex
1602 1213 1794 1271 Galliae,
1832 1228 1974 1277 quem

1117 1288 1281 1322 natum
1305 1292 1408 1323 cum
1432 1278 1617 1326 heroico
1641 1278 1779 1327 dente
1803 1317 1816 1337 ,
1866 1281 1975 1342 quia

1120 1353 1257 1388 acuto
1274 1379 1288 1398 ‚
1326 1345 1467 1390 etiam
1485 1346 1529 1390 in
1547 1345 1793 1406 juventute
1811 1342 1939 1392 sensit
1958 1383 1972 1402 ‚

1122 1408 1172 1454 &
1207 1406 1358 1454 doluit
1393 1409 1595 1457 Haerefis.

1120 1471 1168 1517 in
1178 1472 1400 1520 foemellis
1415 1473 1604 1522 testatur
1615 1476 1822 1538 quaedam
1833 1478 1974 1523 Vale-

1120 1537 1186 1583 ria
1204 1572 1217 1592 ‚
1263 1553 1403 1600 quam
1422 1576 1435 1596 ‚
1488 1543 1596 1603 quia
1618 1556 1723 1588 cum
1760 1541 1974 1589 dentibus

1121 1612 1276 1648 natam
1301 1640 1314 1659 ‚
1369 1606 1513 1651 exitio
1538 1607 1711 1653 civitati
1729 1607 1973 1671 futuram)

1120 1666 1325 1729 praedixit
1345 1670 1600 1717 Oraculum
1624 1708 1637 1727 ‚
1680 1686 1763 1718 nec
1786 1672 1970 1720 fefellit.

1120 1732 1237 1778 illud
1251 1735 1442 1791 mirum,
1469 1734 1600 1797 quod
1621 1735 1785 1783 sicutin
1798 1739 1974 1784 colubri

1121 1798 1303 1845 cerebro
1326 1814 1509 1862 gemma
1529 1838 1542 1858 ‚
1580 1803 1626 1848 in
1644 1803 1781 1849 maris
1803 1801 1973 1849 concha

1120 1866 1432 1925 progerminat
1445 1868 1687 1929 margarita
1697 1904 1710 1923 ,
1730 1869 1793 1914 ita
1803 1868 1847 1914 in
1861 1869 1977 1915 Sile-

1121 1927 1170 1974 sii
1181 1927 1476 1978 adolescentis
1487 1933 1672 1994 gingiva
1689 1931 1802 1980 dens
1823 1947 1976 1995 quon-

1122 1991 1230 2040 dam
1248 2009 1409 2043 aureus
1431 1996 1733 2057 protuberarit
1757 2035 1770 2054 ‚
1806 1996 1835 2044 fi
1861 1999 2016 2056 Nie-l,
2033 2022 2076 2057 1.
2089 2025 2124 2059 ς,
2139 2027 2213 2063 10’

1122 2060 1383 2123 rembergio
1403 2058 1550 2109 fides:
1589 2063 1639 2111 &
1661 2062 1869 2124 nunquid
1894 2099 1907 2119 ,
1945 2062 1978 2110 fi

1122 2125 1225 2185 plur
1244 2126 1328 2172 bus
1399 2123 1683 2174 nascerentur
1744 2127 1977 2190 eJ‘usmodi

1123 2188 1282 2236 dentes
1295 2227 1307 2246 ‚
1340 2192 1493 2253 plures
1512 2193 1785 2239 haberemus
1805 2195 1976 2240 chirur-

1122 2270 1207 2316 gos
1227 2256 1244 2301 ?
1278 2256 1454 2303 Eodem
1474 2254 1587 2305 teste
1605 2295 1617 2314 ‚
1657 2257 1768 2304 dens
1791 2259 1880 2305 albi
1905 2260 1976 2306 Si-

1123 2322 1228 2376 mii,
1251 2323 1462 2384 Peguano
1473 2324 1613 2385 Regi,
1635 2322 1852 2385 Indisque
1873 2336 1972 2370 tan—
1983 2329 2014 2379 1,
2027 2345 2071 2392 9.
2085 2348 2119 2383 c,
2132 2350 2162 2401 4
2170 2350 2213 2386 1.

1124 2387 1432 2446 tipretiifuit‚
1467 2402 1534 2444 ut,
1573 2386 1820 2450 postquam
1845 2390 1974 2438 Con-

1123 2447 1319 2498 stantino
1347 2450 1585 2500 Lufitaniae
1616 2454 1797 2515 Proregi
1824 2490 1836 2510 ‚
1869 2469 1975 2501 cum

1123 2530 1233 2578 gaza
1251 2518 1373 2579 regia
1386 2519 1430 2563 in
1449 2517 1644 2579 praedam
1654 2514 1853 2573 eeffiffer‚
1883 2531 1974 2565 tre-

1123 2596 1253 2628 centa
1270 2596 1620 2639 coronatorum,
1657 2599 1775 2645 quos
1788 2594 1972 2639 vocant,

1123 2648 1270 2696 millia
1286 2649 1335 2696 in
1354 2648 1476 2698 iliius
1494 2649 1670 2711 lytrum
1702 2649 1969 2698 obtuierint.

1866 2708 1972 2762 lmb

1599 2788 1620 2803 Bu

1692 1410 1973 1473 Oppositum
1985 1421 2028 1467 5,
2037 1419 2212 1488 Gangas,
