2294 2933
890 74 1073 119 Flamma
1093 73 1340 120 Promethei.

247 199 451 255 oppones
470 188 718 238 contraria?
757 200 802 236 at
823 194 1086 241 nonhabet:

245 272 301 304 an
323 253 710 304 defeetum'causae
726 256 894 319 allegas
921 261 937 305 ?
979 275 1088 306 con-

248 319 392 370 servat
410 323 568 369 DEUS
589 337 598 367 :
641 336 699 367 an
728 317 912 384 subjecti
936 323 1089 372 absen-

245 389 359 435 tiam
385 388 400 434 ?
436 383 638 446 subjecto
667 401 761 433 non
789 387 960 452 indiget
983 406 995 436 t
1032 405 1089 436 an

244 448 366 500 forte
389 449 622 498 defectum
635 449 736 499 finis
750 454 988 502 obtendis?
1014 451 1089 501 sed

242 513 579 565 i‘ntelleffiones
591 516 620 565 si
634 516 837 564 admittis
850 518 1088 581 post‘Fata‚

242 580 383 629 finem
399 585 494 645 jam
509 581 717 629 admisisti
740 597 750 627 τ
769 595 892 637 ,utut
912 600 1090 630 accura-

247 646 339 695 tius
357 650 448 694 haec
460 645 749 709 ponderanda
770 646 1090 710 Philosophicae

246 717 422 760 trutinae
434 750 445 769 ‚
468 715 517 762 &
531 712 716 760 erudi-tis
731 714 993 775 Sophorum
1006 715 1089 761 cir-

247 779 359 826 culis
378 814 391 835 ‚
422 775 714 826 reservemus.

247 921 252 926 ·
304 910 507 958 LEUC.
552 905 821 957 Contestata
853 903 972 953 adeo
1007 921 1087 953 ve-

241 976 371 1030 ritas,
407 973 463 1020 de
481 975 638 1020 animae
655 973 985 1035 praerogativis,
1002 972 1087 1018 ho‘

240 1038 355 1086 stem
380 1040 543 1085 habere
568 1039 728 1099 nequit
757 1038 801 1082 in
829 1035 1086 1085 Christiano

239 1105 448 1164 Peripato
472 1118 481 1148 :
532 1115 628 1148 non
651 1101 729 1149 nisi
749 1102 888 1149 Stoici
909 1098 1008 1147 sunt
1036 1103 1087 1149 &

239 1168 416 1230 Epicuri
428 1166 485 1213 de
500 1183 636 1230 grege
661 1160 937 1214 Onocrotali
954 1203 967 1222 ‚
1006 1170 1083 1228 qui

217 1250 222 1255 ·
240 1231 500 1294 oppositum
521 1232 713 1288 rudunt,
738 1226 964 1292 novoque
986 1246 1086 1278 cru-

238 1296 441 1345 delitatis
452 1297 662 1360 prodigio
673 1299 870 1343 animam
888 1294 1084 1344 secantin

237 1368 405 1425 partes.
441 1363 619 1410 ²MEL.
657 1361 723 1409 Ita
739 1360 833 1408 est:
880 1362 1084 1408 unanimi

238 1428 412 1474 calculo
448 1428 645 1489 probant
689 1429 804 1474 hanc
841 1428 1085 1474 veritatem

234 1489 499 1555 Philosophi
528 1530 540 1548 ,
591 1494 641 1541 &
677 1495 854 1540 utinam
877 1491 971 1538 vitfi
990 1507 1084 1538 non

235 1554 506 1620 reprobent!
544 1559 744 1604 animam
765 1556 1084 1604 indiv1s1bilem

237 1621 451 1670 afferunt:
488 1638 565 1670 cur
576 1638 687 1686 ergo
705 1625 845 1670 toties
861 1637 966 1669 cum
984 1638 1084 1668 cor-

236 1688 294 1735 de
330 1685 561 1734 dividunt²
582 1699 833 1735 creaturam
876 1690 993 1734 inter
1034 1688 1085 1735 &

239 1754 536 1802 Creatorem?
563 1754 882 1800 Immortalem
895 1750 980 1799 effe
1004 1751 1086 1797 de-

236 1815 515 1875 monstrant,
555 1819 797 1874 &tamem
826 1818 1083 1880 voluptatis

237 1883 568 1929 momentaneae
581 1885 753 1939 toxico,
776 1881 967 1946 persaepe
978 1897 1084 1928 ene-

237 1960 353 2003 cant,
370 1948 771 2004 utCoelomortua,
791 1950 907 1995 inter
916 1950 1083 1995 crucia-

237 2024 310 2061 tus
325 2024 514 2060 aeternos
535 2013 689 2060 vivere
701 2026 890 2074 cogatur
903 2026 1079 2060 aeterna.

236 2079 527 2141 Spiritualem
560 2077 790 2125 affirmant
815 2117 827 2133 ,
876 2080 926 2126 &
967 2077 1083 2124 infra

235 2145 542 2190 materialium
564 2139 712 2190 sordes
728 2143 977 2190 detrudunt
994 2143 1084 2189 hoc

237 2209 362 2257 Coeli
392 2208 621 2255 delicium.
703 2210 858 2270 Superi
883 2205 892 2254 ἔ
946 2209 1082 2270 quale

236 2270 539 2335 spectaculum
568 2311 580 2328 ,
613 2274 965 2335 Amphitheatro
986 2276 1083 2319 Nc-

238 2339 360 2384 ronis
396 2335 707 2400 digniffimum
742 2335 751 2384 !
803 2340 1084 2385 Dominarur

239 2417 401 2463 corpus
421 2439 434 2458 ‚
473 2397 589 2464 pene
607 2401 809 2449 dixissem
835 2441 846 2458 ,
882 2419 1045 2465 porcus
1069 2439 1080 2457 ,

240 2468 715 2515 &ammazmcllaturz
742 2469 929 2515 carnalis
945 2466 1082 2513 bestia

237 2532 285 2576 in
325 2533 605 2591 triumphum
636 2532 791 2590 ducit,
848 2530 1082 2594 delapsum

238 2596 361 2641 coelo
374 2593 591 2655 spiritum·
632 2600 870 2645 nob-{litare
889 2636 900 2653 ,
946 2611 1080 2644 terre-

238 2674 296 2708 na
311 2657 470 2708 cunc'ta*
489 2686 509 2715 ‚·
528 2663 865 2725 ⁴transgreditur
891 2666 1040 2710 anima
1067 2701 1079 2720 ,

1934 89 1994 138 39

1143 191 1302 238 divino
1329 190 1488 238 alenda
1501 187 1696 247 mediare,
1722 197 1992 256 angelorum

1144 254 1379 304 consortiis
1398 257 1534 319 digna
1554 294 1568 314 ,
1623 259 1740 304 inter
1765 273 1991 308 creaturas

1143 323 1319 384 Regina
1345 359 1359 379 ‚
1391 319 1581 370 sublime
1599 337 1801 371 meretur
1820 328 1867 372 in
1885 341 1993 373 aura

1145 385 1546 435 aetherea‘solium:
1583 387 1766 437 &eccel
1800 391 1848 437 in
1862 393 1992 438 terris

1145 454 1250 499 exul
1271 454 1516 501 damnatur
1533 453 1590 502 ad
1607 453 1769 503 bestias
1791 471 1802 502 z
1839 457 1886 502 in
1903 471 1991 502 vo-

1143 518 1376 579 luptatum
1387 533 1522 566 coeno
1536 522 1776 567 volutatur
1788 559 1801 577 ‚
1827 536 1993 583 porco-

1142 598 1244 628 rum
1259 582 1416 640 instar,
1462 587 1619 647 Augiae
1637 584 1867 633 stabulum
1883 602 1992 647 pur-

1143 662 1249 710 gare
1266 651 1447 711 cogitur
1469 685 1482 704 ‚
1522 649 1724 698 ministra
1743 648 1949 698 sensuum
1978 687 1992 707 ‚

1144 716 1346 774 corporis
1384 716 1660 778 mancipium
1682 754 1695 772 ‚
1748 718 1994 764 brutorum

1140 777 1424 825 ludibrium.'
1455 779 1613 845 Qam
1625 782 1729 828 vilis
1755 780 1787 828 ὃ
1807 782 1986 843 Sophe,

1144 854 1222 889 tua
1237 844 1317 889 tibi
1329 840 1449 891 facta
1462 846 1526 894 est
1546 843 1717 892 anima!
1737 848 1993 907 Spiritualis

1143 908 1278 969 hujus
1292 907 1484 955 thesauri
1505 911 1703 973 pretium
1723 910 1752 957 si
1779 912 1958 974 ignoras
1978 948 1992 965 ,

1144 975 1189 1018 in
1199 989 1341 1019 unum
1352 975 1518 1038 collige
1530 973 1634 1024 solis
1649 992 1835 1022 aureum
1845 976 1991 1037 jubar}

1142 1039 1258 1083 lunae
1268 1052 1533 1100 argenteum
1544 1043 1785 1103 pallorem,
1798 1040 1992 1088 siderum

1142 1104 1307 1150 rutilos
1322 1103 1604 1166 splendores:
1640 1107 1841 1168 collige,
1879 1105 1992 1168 quid

1143 1167 1581 1231 quidmagnitudine
1594 1168 1852 1227 visendum,
1887 1172 1994 1232 pul-

1142 1234 1231 1279 chri
1240 1233 1396 1281 tudine
1406 1233 1681 1297 stupendum
1693 1233 1894 1283 offerunt
1905 1238 1993 1289 im-

1141 1296 1294 1346 mensa
1315 1302 1422 1346 coeli
1441 1297 1719 1363 aspectabilis
1743 1303 1854 1348 atria
1871 1338 1883 1358 ,
1919 1317 1994 1348 re·-

1140 1376 1285 1425 ponet
1315 1367 1561 1428 Angelicus
1586 1382 1596 1412 τ
1656 1370 1787 1428 majus
1819 1370 1993 1429 pretium

1141 1430 1213 1490 effe
1227 1434 1344 1476 unius
1356 1436 1492 1478 animae
1502 1463 1520 1489 ³
1553 1429 1674 1493 qubm
1699 1448 1900 1494 corporum
1927 1436 1992 1479 iez-

1140 1498 1462 1547 memerabilium,
1546 1500 1595 1544 In
1622 1498 1860 1543 cumulum
1881 1512 1993 1547 con-

1140 1574 1246 1620 gere
1263 1576 1452 1608 coronas
1484 1563 1535 1609 ὃς
1567 1559 1737 1624 sceptra
1763 1561 1993 1608 Occiden-

1141 1625 1200 1670 tis
1231 1627 1376 1673 totius
1415 1623 1683 1682 thesauros,
1742 1627 1992 1674 Dalmatici

1142 1691 1234 1736 auri
1253 1704 1460 1747 montes,
1496 1693 1636 1738 maris
1649 1692 1849 1738 Erithr‘aei
1859 1706 1993 1753 gem·

1141 1769 1238 1801 mas
1257 1771 1272 1813 3
1318 1771 1511 1818 congere
1552 1756 1779 1819 quidquid
1813 1758 1990 1818 pretio-

1142 1817 1237 1866 sum
1256 1817 1342 1869 suis
1356 1818 1655 1869 invisceribus
1671 1823 1751 1869 alit
1764 1823 1836 1868 hic
1855 1836 1993 1869 mun-

1139 1884 1225 1932 dus
1249 1921 1262 1940 ‚
1314 1888 1363 1934 &
1397 1885 1620 1948 judicium
1655 1902 1843 1933 aureum
1872 1888 1992 1936 feret

1140 1947 1496 2011 Chrysostomus
1530 1966 1540 1997 ε
1609 1956 1754 1998 nullius
1792 1952 1849 1998 rei
1893 1968 1988 2014 pre-

1140 2018 1240 2061 tium
1258 2047 1275 2072 ,
1310 2034 1395 2063 c-um
1413 2020 1549 2063 anima
1571 2018 1851 2077 conferendum
1869 2034 1881 2062 .·
1918 2034 1989 2064 nec

1140 2095 1270 2126 totum
1317 2085 1475 2142 quidem
1521 2084 1727 2128 mundum.
1843 2082 1988 2127 Deni-

1139 2160 1229 2206 que
1251 2146 1395 2192 oculis
1419 2162 1625 2209 propone
1637 2144 1829 2192 universi
1850 2146 1990 2207 hujus

1140 2208 1405 2261 immensam
1418 2209 1758 2273 propemodum
1772 2211 1988 2273 gloriam,

1137 2290 1274 2336 regna
1294 2313 1306 2331 ‚
1342 2278 1530 2338 imperia
1550 2314 1562 2332 ,
1599 2277 1800 2323 honores
1819 2313 1831 2330 ,
1869 2275 1990 2322 divi-

1140 2342 1223 2386 tias
1240 2341 1290 2389 &
1305 2342 1567 2402 vuluptates
1588 2357 1598 2387 :
1629 2355 1742 2386 mox
1767 2339 1910 2386 aderit
1927 2341 1987 2387 li-

1139 2406 1301 2452 citator
1329 2404 1503 2468 styg³us
1527 2443 1541 2461 ‚
1576 2410 1650 2453 haec
1663 2409 1793 2451 omnia
1816 2406 1887 2451 ribi
1912 2409 1986 2452 da—

1138 2473 1180 2515 bo
1206 2502 1224 2527 ‚
1282 2476 1509 2518 exclamans
1532 2503 1555 2529 5
1611 2468 1751 2518 solam
1786 2471 1988 2517 animam

1137 2535 1274 2581 redde
1298 2573 1309 2590 ‚
1350 2535 1534 2582 habeb:s
1554 2536 1643 2582 haec
1666 2537 1715 2583 &
1734 2536 1865 2595 plura
1884 2571 1895 2589 ‚
1956 2533 1988 2581 fi

1137 2604 1304 2661 cupias.
1334 2622 1338 2631 ν
1371 2599 1460 2648 Pro
1480 2598 1655 2662 pudor!
1691 2596 1832 2645 hostis
1854 2636 1865 2653 ,
1900 2614 1987 2645 no-

1135 2664 1211 2713 stri
1231 2665 1338 2714 alias
1349 2678 1665 2729 contemptor,
1696 2665 1810 2711 tanti
1830 2677 1986 2734 tamen

1885 2741 1983 2776 am·-
