2294 2933
281 81 374 132 ¹74

280 188 419 250 quale
441 183 742 252 spectaculum
766 229 778 249 ,
824 193 868 240 in
888 206 982 257 quo
1000 202 1145 255 pate-·

281 255 395 301 bunt
414 250 574 302 scelera
584 258 738 304 omnia
763 295 776 314 ‚
809 274 909 322 quae
924 255 996 304 hic
1013 258 1130 304 late-

276 319 410 367 revel
430 317 632 369 maxime
641 325 765 385 cupit
785 322 954 385 pudor:
994 319 1131 369 scele-

275 400 326 431 ra
353 421 365 443 ,
400 401 507 450 (με
529 389 644 451 tegit
664 403 783 433 nunc
800 385 936 435 ficius
953 388 1093 435 rubor
1111 404 1126 447 3

277 464 378 513 quae
406 448 555 498 noetis
587 449 865 500 abscondunt
901 455 1126 512 tenebrae-3

277 512 303 562 ἒι
337 517 501 578 quibus
524 517 735 564 abhorret
767 518 865 565 dies
892 557 904 575 ‚
954 521 1005 568 &
1030 533 1130 582 quae

275 582 288 627 i
329 578 369 628 se
391 581 659 642 Chynthius
687 581 777 631 fine
805 583 1012 647 deliquio
1033 584 1130 648 spe-

276 596 588 709 garencquit.
652 647 741 696 Sed
758 651 906 697 nolim
917 665 1131 714 ego,cum

274 711 550 773 Epimetheo
573 750 585 770 ,
624 710 816 763 reserare
839 717 1069 779 pixidem,
1106 711 1132 763 ὲ

273 793 366 839 qua
403 778 585 826 Mundo
621 790 722 827 tota
751 783 981 830 malorum
1008 784 1128 830 Ilias.

274 844 445 891 Timeo
479 846 591 901 tibi,
646 846 791 893 timeo
825 848 938 894 mihi
969 887 981 904 ,
1031 843 1131 895 imo

272 911 438 972 Sophis
463 911 679 958 omnibus
699 911 756 959 de
773 912 946 974 judicio
968 915 1128 968 timeo,

270 990 365 1021 nan
402 988 498 1022 tam
520 989 708 1039 propter
742 990 926 1040 peccata
952 1017 964 1035 ,
1031 993 1130 1042 quae

273 1038 435 1088 scimus
473 1079 486 1097 ‚
539 1041 679 1106 quam
702 1058 891 1106 propter
915 1057 1097 1106 peccata
1116 1080 1128 1100 ,

273 1122 373 1168 quae
407 1109 690 1170 ignoramus.
804 1110 999 1159 Terrent
1018 1111 1096 1157 illa
1116 1147 1128 1165 ,

271 1170 346 1220 sed
361 1170 507 1236 magis
530 1172 776 1222 absterrent
796 1173 878 1222 ista
901 1214 914 1231 ,
949 1176 1010 1223 ob
1031 1187 1131 1238 quae

273 1239 473 1286 terribile
507 1241 654 1304 magis
680 1240 905 1304 judicium
942 1241 1131 1290 forsitan

277 1300 609 1355 exspeciamus.
783 1317 785 1319 ’

355 1357 573 1420 ‘LEUC:
630 1368 768 1421 Tune
782 1372 1004 1435 judicium
1033 1409 1045 1428 ,
1083 1373 1132 1421 &
1178 1376 1183 1380 ’

280 1435 427 1498 magis
439 1435 590 1485 forsan
608 1439 806 1485 terribile
825 1451 1012 1503 propter
1029 1453 1133 1500 pec-

280 1514 379 1549 cata
403 1541 416 1558 ,
453 1519 552 1566 quae
571 1504 873 1567 ignoramus?
907 1505 978 1552 fac
1002 1500 1135 1550 sciam

280 1566 428 1616 modo
441 1606 454 1624 ‚
489 1582 541 1617 ut
557 1569 757 1632 judicem
770 1608 782 1628 ‚
803 1585 861 1618 ne
875 1578 985 1618 tunc·
1001 1571 1137 1632 igno-

278 1649 392 1689 rem,
425 1636 760 1696 &judicentur.
830 1644 978 1685 MEL:
1013 1637 1136 1682 Leu-

280 1698 467 1747 cothee!
502 1703 565 1749 nil
580 1703 659 1749 tibi
675 1709 738 1748 ex
758 1718 864 1749 meo
879 1698 1023 1749 sensu:
1058 1701 1137 1747 illa

284 1766 434 1813 refero
453 1783 467 1821 ‚¹
497 1768 541 1813 in
569 1768 734 1829 quibus
755 1766 977 1830 conspirat
1003 1779 1103 1813 tota
1123 1804 1135 1821 ,

281 1833 680 1880 unanimi“calculo
703 1871 715 1890 ,
748 1830 935 1882 Ascelis.'
1007 1831 1138 1896 judi-

283 1898 404 1944 cium
416 1900 576 1954 timeO,
594 1910 784 1961 propter
799 1911 1005 1962 peccata,
1034 1911 1139 1960 quae

203 1996 214 2013 .
284 1964 571 2026 ignoramus:
608 1965 922 2028 illaintelligo,
944 1963 1138 2027 quaedu-

171 2063 181 2076 .
217 2039 219 2041 ’
285 2029 398 2076 dum
437 2031 591 2076 timuit
615 2032 659 2076 in
691 2032 919 2093 patientiae
938 2028 1138 2092 palaestra

285 2108 530 2143 coronatus
544 2097 747 2152 Aristera,
767 2095 873 2144 cum
886 2096 1003 2143 dixit
1020 2133 1033 2152 ‚
1059 2110 1135 2143 ve·

287 2159 410 2207 rebar
452 2169 591 2208 ownia
628 2178 755 2225 opera
791 2177 880 2210 nea
915 2201 927 2215 ,
957 2164 1086 2222 sciens
1123 2197 1136 2219 ,

286 2225 399 2286 quod
459 2243 540 2274 non
613 2241 802 2290 parceres
866 2226 1137 2293 delinquenti.

284 2293 541 2340 Verebatur
576 2297 716 2339 omnia
752 2308 891 2355 opera
936 2302 954 2338 ⁴:
1022 2290 1137 2355 ergo

287 2359 427 2405 etiam
445 2361 567 2406 bona
586 2396 598 2415 ,
634 2359 841 2413 meliora,
875 2361 925 2407 &
944 2360 1138 2421 optima,

288 2420 424 2471 sciens
458 2425 712 2472 Graculum
733 2461 745 2480 ‚
784 2423 912 2486 quod
942 2425 1140 2471 Divinus

275 2489 436 2551 'Judex
461 2506 539 2553 per
561 2491 844 2554 Sophoniam
871 2506 880 2536 :
920 2493 1141 2549 scrutabor

48 2554 517 2620 c.1.v.12.‘}²rr2›‚.2tem
552 2573 591 2603 tn
613 2562 818 2604 sasernis:
854 2553 1090 2620 Jerusalem
1123 2593 1135 2609 ‚

278 2623 350 2668 *ait
376 2659 388 2677 ‚
420 2637 515 2669 non
541 2623 791 2679 Baby-'onem
819 2639 834 2667 .·
866 2617 1019 2681 Justos
1045 2657 1057 2675 ,
1087 2621 1137 2667 &

284 2702 423 2751 opera
446 2688 596 2746 bona,
630 2684 734 2736 ‘non
751 2684 943 2750 injustos
965 2683 1135 2744 solum-

985 73 1127 124 Momi
1159 71 1357 134 Feneflras

1185 191 1361 248 modo,
1397 193 1675 255 &peccataz
1720 191 2042 241 nontinlucers

1185 274 1261 314 na,
1295 257 1425 321 quod
1446 261 1603 306 mitius
1621 297 1634 316 ‚
1668 256 1740 307 secl
1766 276 1805 306 tn
1825 260 1997 306 lucernis
2016 283 2049 318 ,>

1185 322 1313 387 quod
1333 322 1390 371 ad
1408 322 1814 372 demonstrandum
1831 325 2033 387 rigorem

1185 386 1249 436 est
1263 389 1540 436 horribilius.
1575 405 1578 407 ’
1605 391 1806 439 Lucerna
1831 389 1896 437 est
1920 404 2032 438 ocu-

1184 455 1407 511 1usDE1,
1440 453 1606 518 dequo
1624 456 1871 519 Propheta:
1910 455 2032 504 Oculi
2050 458 2167 504 Dan.
2203 425 2234 499 1³

1185 523 1268 576 eius
1289 558 1300 575 ‚
1332 521 1382 567 ιὶε
1411 520 1571 576 lampas
1603 524 1750 568 ardens
1777 541 1789 564 .·
1824 522 1897 569 h‘c
1928 521 2032 569 DEI
2052 536 2094 572 v.
2118 522 2166 571 6.
2232 519 2236 569 }

1186 586 1365 634 Oculus
1403 586 1659 649 explorabit
1695 601 1832 649 opera
1874 587 2032 633 bona:

1186 653 1361 701 nam&
1389 655 1559 712 jusiitias
1589 652 1792 714 judicabit
1928 649 2034 700 Imo

1185 713 1454 764 scrutabitur
1469 754 1482 774 ‚
1517 718 1567 767 δὲ
1586 712 1912 765 minutissimos
1932 732 2035 764 eru-

1185 794 1231 830 et
1272 779 1480 831 defectus
1500 820 1512 839 ‚
1550 798 1670 846 quos
1688 798 1808 830 nunc
1841 782 2033 860 negligi-

1185 863 1303 895 mus.
1337 885 1350 904 ‚
1414 850 1464 897 &
1509 847 1788 912 negligendo
1836 849 2035 895 crebrius

1186 915 1467 976 ignoramus.
1502 915 1683 962 Oculus
1696 916 1893 961 Divinus
1912 951 1925 969 ,
1951 913 2050 959 mi·-

1185 975 1401 1040 croscopii
1436 976 1571 1025 instar
1598 1016 1611 1035 ‚
1665 991 1772 1026 tunc
1807 978 2039 1042 apparebit

1185 1045 1255 1090 cui
1274 1044 1514 1091 Picinellus
1535 1082 1547 1100 ,
1580 1046 1933 1092 Inventorillius
1951 1080 1962 1099 ,
1989 1044 2040 1092 &

1184 1110 1367 1158 Author
1386 1147 1399 1165 ‚
1433 1124 1517 1171 pro
1541 1111 1763 1158 lemmate
1787 1126 1798 1157 x
1851 1112 2037 1168 minutis-

1176 1177 1281 1242 fima
1303 1188 1481 1231 qeaeque‘
1612 1178 1778 1239 Accipe
1810 1175 2039 1232 chartam,

1185 1239 1332 1304 prima
1365 1241 1471 1287 nive
1489 1240 1801 1288 candidiorem
1824 1279 1836 1297 ‚
1870 1241 2041 1303 magis·-

1188 1323 1280 1370 que
1298 1305 1549 1353 mundam:
1584 1307 1699 1354 hanc
1727 1318 1904 1353 armato
1925 1304 2040 1353 scru-

1190 1373 1474 1427 tare‘ocu10‚
1527 1374 1576 1420 &
1612 1373 1890 1435 apparebunt
1928 1386 2041 1418 mox

1188 1438 1605 1501 plurimaemaculae,
1641 1454 1753 1500 quas
1768 1438 1927 1484 videns
1947 1452 2044 1484 non

1189 1503 1368 1550 videras
1383 1519 1396 1561 3
1431 1500 1542 1550 striae
1553 1540 1566 1559 ,
1601 1519 1713 1566 quas
1726 1519 1818 1550 non
1830 1502 2011 1550 notatas
2025 1517 2041 1561 ;

1191 1564 1474 1631 centumque
1490 1565 1635 1631 spuria
1649 1566 1884 1617 filamenta
1895 1605 1907 1625 ‚
1943 1582 2044 1632 quae

1191 1651 1285 1684 non
1303 1634 1579 1681 adverteras.
1682 1636 1847 1697 Accipe
1874 1649 2012 1697 opera
2029 1669 2043 1690 ‚

1165 1731 1167 1733 ·
1193 1702 1359 1764 quibus
1396 1713 1523 1748 tuam
1547 1702 1736 1747 inaniter
1762 1715 1914 1764 crepas
1935 1715 2046 1762 apo-2

1193 1765 1394 1821 theosin,
1429 1769 1577 1830 accipe
1601 1804 1613 1822 ‚
1653 1764 1725 1813 sed
1747 1766 1802 1813 ad
1813 1767 2046 1813 lucernam

1192 1833 1351 1880 Divini
1371 1833 1493 1878 oculi
1513 1832 1824 1893 contemplare
1849 1848 1859 1878 :
1903 1833 2047 1893 Supe-

1193 1899 1228 1946 ri
1248 1935 1261 1955 ‚
1299 1908 1417 1960 quot
1436 1895 1648 1961 peccata!
1681 1897 1744 1944 nil
1764 1897 1871 1944 boni
1890 1911 2045 1943 cernes

1194 1965 1240 2011 in
1260 1965 1386 2010 bono
1407 1979 1548 2027 opere
1572 2000 1584 2019 ,
1620 1964 1898 2026 apparebunt
1926 1960 2045 2009 subi·-

1193 2043 1244 2077 to
1281 2029 1402 2076 mala
1422 2066 1434 2085 ‚
1470 2044 1570 2092 quae
1588 2027 1716 2092 prius
1744 2026 2044 2075 aestimaveras

1191 2098 1327 2142 bona.
1443 2096 1620 2143 Senties
1682 2090 2045 2156 Philosophicam

1193 2175 1393 2225 gnomen
1407 2198 1419 2217 ‚
1451 2163 1723 2222 neutiquam
1740 2158 1861 2206 male
1877 2160 1948 2206 hic
1965 2173 2045 2220 ap-

1193 2228 1440 2291 plicatam:
1491 2229 1603 2292 qubd
1622 2225 1773 2272 bonum
1800 2241 1855 2272 ex
1877 2229 2045 2290 integra

1194 2296 1338 2346 causet,
1389 2290 1542 2338 malum
1567 2306 1624 2337 ex
1649 2288 1832 2346 quolibet
1866 2290 2044 2347 deserite.

1195 2361 1317 2407 Nam
1328 2356 1503 2404 videbis
1516 2356 1807 2412 multabona‚
1841 2353 1912 2402 sed
1929 2371 2044 2420 pau-

1196 2440 1246 2471 ca
1264 2425 1379 2471 bene
1398 2418 1579 2485 peracta
1600 2459 1613 2478 ‚
1660 2423 1768 2485 quia
1786 2437 1881 2469 non
1903 2422 2044 2470 debito

1196 2492 1273 2547 fine
1301 2528 1314 2548 ‚
1346 2504 1418 2536 nec
1449 2488 1588 2535 debito
1616 2487 1741 2534 modo
1764 2526 1776 2540 ,
1807 2497 1995 2536 remorre
2023 2524 2044 2544 Α,

1193 2555 1265 2603 vel
1303 2553 1611 2604 circuzrznantiie
1645 2571 1659 2597 .·
1726 2553 1831 2600 hinc
1867 2551 2044 2601 videbis

1193 2623 1283 2669 haec
1294 2623 1413 2668 bona
1424 2634 1518 2666 non
1537 2615 1622 2665 effe
1639 2619 1780 2674 bona,
1807 2616 1879 2666 scd
1893 2619 2043 2666 malas:

1192 2687 1344 2738 malum
1368 2701 1424 2736 ex
1443 2684 1631 2750 quohbet
1652 2685 1826 2749 defeffu.
1939 2686 2046 2795 Si?-

1917 2763 1973 2812 pe
2005 2763 2046 2802 is

2230 113 2234 180 l

2232 203 2234 246 l

2232 282 2235 303 l
