2294 2933
879 63 1024 114 Mami
1056 62 1258 124 Feneflrm

224 182 388 233 talibus
422 181 566 245 magis
587 192 834 229 commune
861 184 876 229 ?
918 189 1066 231 MEL:

221 251 332 297 Non
363 246 606 302 existimo,
646 244 777 310 quod
815 249 1068 295 Nationem

219 307 352 360 facile
363 312 415 360 sit
426 313 620 375 reperire
630 348 645 367 ,
678 327 779 375 quat
797 329 892 360 non
904 328 1067 375 quam-

218 377 291 425 vis
310 379 356 424 in
376 375 425 424 se·
435 374 642 440 agnoscat
667 380 951 441 temperiem.
1015 376 1067 424 Id

221 455 377 491 tamen
395 441 459 489 est
476 444 519 489 in
529 441 744 499 confesso,
778 439 1067 506 frequentius

217 522 358 555 unam
395 509 440 554 in
484 523 574 554 una
607 510 807 556 Natione
838 509 1067 563 inveniri,

217 573 359 635 quam
372 574 523 620 aliam.
559 574 855 620 Germaniam
874 570 1067 619 afferunt

218 637 446 686 abundare
485 639 856 702 temperamentis
891 639 1066 684 melan-

215 701 675 766 cholico-sanguineis
688 740 701 759 ,
735 704 809 749 vel
827 703 1066 765 phlegma-

217 765 617 831 nco-sanguineis:
654 769 857 817 Galliam
890 765 1067 832 sangui-

213 834 580 881 neo-cholericis
612 871 625 889 ‚
696 834 771 881 vel
815 834 1067 881 cholerico-

214 895 484 961 sanguineis.
572 896 782 962 Hispanis
814 897 1066 947 adscribunt

213 961 413 1012 erebrius
427 965 697 1027 temperiem
715 965 1066 1012 cholerico-me-

213 1030 537 1077 lancholicam:
572 1031 696 1077 Italis
711 1030 1066 1077 melancholico-

158 1095 503 1156 {cholericain
599 1092 794 1144 Causam
825 1096 960 1159 hujus
994 1095 1065 1141 di-

214 1158 436 1208 versitatis
455 1157 485 1206 si
494 1175 646 1223 roges,
682 1161 808 1208 illam
827 1176 956 1208 more
969 1158 1062 1215 suo,

214 1223 447 1289 Astrologi
483 1226 527 1272 in
552 1227 758 1274 Planetas
784 1225 1029 1273 refundent
1048 1262 1061 1281 ,

215 1288 607 1353 &signacoelestia
629 1307 639 1336 :
677 1289 751 1338 sed
775 1287 1062 1339 conformius

213 1357 282 1403 illi
304 1356 359 1403 ad
377 1354 561 1420 scopum
585 1394 597 1413 ,
636 1359 714 1418 qui
736 1372 831 1403 non
847 1358 925 1403 uni
941 1381 958 1412 ,v
991 1354 1063 1403 sed

213 1422 349 1468 variis
369 1423 494 1469 illam
512 1419 648 1468 caulis
670 1423 923 1468 attribuunt
948 1437 958 1466 t
996 1423 1064 1467 in-

209 1485 410 1536 fluxibus
423 1503 589 1550 nempe
599 1488 684 1534 coel
693 1485 857 1535 estibus
871 1525 881 1543 ‚
905 1487 1064 1533 clima-

211 1554 282 1609 ti,
315 1556 405 1600 a'eti
429 1591 441 1610 ‚
474 1552 764 1609 educationi,
804 1555 1062 1607 alimento,

211 1619 511 1680 qualitatibus
534 1619 730 1681 patriis,
772 1620 822 1667 &
844 1612 1063 1681 praecipue

208 1685 580 1746 progenitoribus
603 1701 613 1728 :
661 1699 768 1731 nam
792 1722 803 1739 ,
837 1681 1062 1730 ordinaria

207 1750 256 1795 N
260 1761 394 1795 aturae
412 1750 514 1811 lege
528 1787 540 1805 ,
574 1749 719 1796 fortes
740 1761 944 1796 creantur
964 1749 1059 1795 for-

209 1815 355 1869 tibus,
388 1815 740 1870 necimbellem‚
772 1813 1057 1870 indiximus,

207 1878 384 1926 feroces
420 1880 581 1941 aquilae
622 1892 838 1942 generant
880 1881 1060 1927 colum-

138 1981 140 1986 .
208 1943 340 2004 bam3
373 1941 481 1992 cur-n
513 1944 672 1991 contra
697 1946 970 2008 plerumque
992 1947 1059 1991 vi-

209 2010 333 2063 deas,
355 2011 461 2056 mali
475 2012 598 2056 corvi
611 2012 786 2057 malum
800 2008 885 2057 effe
896 2026 1056 2065 ovum,

207 2073 455 2139 qualisque
475 2091 603 2136 ager,
643 2077 750 2122 talia
773 2073 939 2122 semina
957 2113 968 2131 ,
1007 2078 1057 2124 δῖ.

204 2156 444 2202 nunquam
456 2139 622 2188 melius
635 2177 648 2196 ‚
681 2140 820 2206 quam
834 2158 889 2188 ex
902 2143 1058 2189 arbore

204 2203 414 2269 cognosci
432 2202 623 2254 fruetus.

269 2273 464 2320 LEUC
513 2287 523 2318 :
605 2273 737 2320 Unus
804 2272 1058 2319 etiamnum

209 2334 441 2398 scrupulus
473 2337 610 2384 haeret
642 2374 654 2393 ,
710 2351 850 2400 quem
886 2334 1057 2384 curiosa

204 2402 321 2450 mihi
341 2400 500 2449 sciendi
522 2402 744 2465 cupiditas
771 2419 780 2447 :
820 2403 1057 2466 quodnam

191 2465 312 2531 ‘post
323 2479 739 2528 temperamentum
756 2470 913 2516 Solare
940 2507 950 2523 ,
983 2466 1057 2516 seu

209 2531 267 2579 ad
285 2531 465 2594 pondus
489 2569 502 2588 ‚
538 2533 653 2580 inter
672 2534 914 2597 conjugata
934 2537 1056 2596 opti-

211 2611 341 2644 mum
392 2598 644 2660 proclamat
702 2597 993 2661 Philosophia
1038 2601 1054 2647 ἓ

209 2669 364 2714 MEL:
395 2663 634 2716 Problema
665 2663 850 2725 adducis
870 2668 929 2714 «ίη
955 2680 1053 2715 me-

1873 75 1960 122 171

1121 181 1248 230 dium
1263 209 1280 239 -,
1318 182 1474 246 quod,
1508 185 1596 231 sine·
1630 179 1799 228 invidia
1826 217 1839 237 ‚
1886 198 1970 229 nec

1121 247 1238 312 ipse,
1270 264 1397 304 reor,
1429 247 1656 296 decideret
1672 248 1860 308 Apollo.
1918 248 1983 294 ld,

1122 330 1260 361 nemo
1281 308 1413 362 facile
1437 312 1707 361 inficiabitur
1736 348 1749 367 ,
1787 310 1973 361 decisio-

1121 395 1228 426 nem
1241 380 1333 427 litis
1344 395 1402 426 ex
1417 379 1678 427 diversitate
1690 373 1794 424 finis
1813 387 1974 439 peten-

1124 444 1246 491 dam.
1325 447 1608 507 Sanguineos
1639 448 1840 500 longioris
1872 448 1972 491 vitae

1125 510 1181 566 85³
1207 508 1613 560 {anitarnl‘odalirii
1637 509 1861 569 judicant:
1893 523 1976 556 nec

1123 571 1383 633 immerito3
1417 591 1524 623 nam
1533 575 1609 621 ubi
1626 573 1820 637 suppetit
1835 576 1974 631 calor,

1122 656 1216 686 non
1233 638 1450 688 deficiunt
1471 638 1648 703 spiritus
1677 659 1690 698 ς
1726 640 1803 686 ubi
1821 641 1975 687 humi-

1119 705 1231 751 dum
1240 705 1434 752 radicale
1447 706 1645 754 abundat
1661 746 1673 763 ,
1711 701 1884 753 stamen
1903 707 1972 753 vi·-

1122 782 1175 817 tae
1186 785 1278 816 non
1290 768 1519 826 exarescit,
1539 771 1616 818 nifi
1630 773 1844 820 violentis
1858 771 1974 820 illud

1120 836 1328 883 manibus
1353 837 1623 899 abrumpant
1644 841 1799 884 Parcae.
1876 840 1976 886 Ca*-

1122 897 1273 948 terum
1289 899 1530 950 aParnaffo
1541 904 1733 949 exulant
1754 941 1765 959 ‚
1795 905 1842 951 &
1856 902 1972 950 ape-

1120 967 1269 1029 ripato
1282 965 1458 1013 dudum
1471 965 1716 1030 proscripta
1737 967 1836 1015 sunt
1852 981 1971 1015 tem-

1118 1045 1382 1094 peramenta
1394 1032 1633 1095 simplicia:
1667 1050 1774 1080 nam
1796 1031 1974 1097 sangui-

1119 1098 1191 1144 nei
1205 1094 1246 1143 se
1254 1096 1453 1145 nimium
1462 1099 1657 1161 probant
1670 1101 1883 1147 volatiles
1896 1116 1905 1145 :
1919 1099 1975 1146 ii-

1118 1161 1226 1208 deta
1262 1159 1361 1209 sunt
1386 1160 1558 1226 semper
1582 1167 1772 1212 errantia
1805 1203 1818 1222 ‚
1853 1181 1974 1212 nun-

1120 1242 1260 1289 quam
1286 1225 1393 1275 fixa.
1463 1229 1692 1278 Cholerici
1716 1227 1815 1278 sunt
1832 1227 1971 1278 nimis

1118 1294 1365 1355 pi·aecipites
1384 1312 1394 1340 :
1428 1296 1707 1359 plerumque«
1728 1298 1772 1343 in
1794 1297 1974 1344 turbine

1118 1358 1210 1408 illis
1226 1371 1367 1421 ,gyrat
1385 1359 1606 1422 judicium
1618 1399 1630 1417 ,
1667 1360 1877 1424 erratque
1894 1377 1976 1423 per

1119 1426 1376 1486 praecipitia.
1403 1430 1407 1432 ’
1444 1426 1744 1489 Phlegmatici
1773 1424 1973 1475 nimium

1119 1485 1483 1553 seserlanguidos
1517 1490 1865 1540 demonstrant:
1903 1509 1973 1539 re-

1117 1566 1234 1616 punt
1254 1555 1309 1602 ad
1328 1555 1495 1618 pedem
1518 1557 1647 1606 Pindi
1680 1556 1887 1605 muscosae
1905 1559 1973 1605 hae

1115 1620 1324 1667 cochleae.
1377 1623 1700 1670 Melancholici
1721 1621 1818 1671 sunt
1831 1621 1970 1671 nimis

1117 1682 1353 1733 abstraffl:
1394 1700 1522 1735 extra
1543 1686 1584 1736 se
1609 1691 1799 1747 abeunt,
1833 1687 1971 1736 affixa*

1114 1751 1361 1798 frontinon
1381 1752 1485 1800 raro
1505 1751 1758 1818 syngrapha
1785 1772 1794 1802 :
1834 1763 1969 1805 Nemo

1116 1815 1244 1866 dom?⁴
1311 1819 1379 1864 Ex
1411 1820 1578 1881 quibus
1614 1822 1805 1883 palpas,
1850 1821 1970 1868 nulli

1115 1893 1362 1944 nupturam
1379 1884 1612 1931 Palladem
1635 1923 1647 1942 ‚
1686 1886 1765 1934 nisr
1790 1899 1968 1949 tempe-

1113 1948 1228 1993 riem
1262 1950 1306 1994 in
1334 1948 1416 1995 illo
1451 1946 1613 1998 sentiat
1651 1953 1964 2015 conjugatam.

1114 2012 1202 2060 Sed
1215 2025 1472 2061 tamennon
1485 2018 1655 2078 quaevis
1678 2019 1821 2067 cuivis
1839 2014 1968 2081 requi:

1116 2090 1220 2139 apta
1253 2080 1454 2126 Scientiae
1487 2097 1496 2127 :
1555 2083 1762 2132 Scientiis
1799 2121 1812 2141 ‚
1853 2099 1965 2147 *quae

1115 2142 1412 2205 speculativas
1437 2143 1479 2192 se
1500 2147 1755 2209 gloriantur
1789 2161 1966 2212 tempe·-

1040 2228 1042 2230 ·
1113 2221 1373 2256 ramentum
1396 2211 1968 2263 cholerico-melancholi-

1113 2289 1219 2320 cum
1266 2273 1418 2337 aptius
1450 2281 1668 2328 convenit
1700 2297 1709 2325 ε
1751 2281 1856 2328 hinc
1893 2292 1965 2328 tot

1113 2340 1420 2404 Theologicas
1453 2345 1644 2406 Aquilas
1665 2346 1745 2393 alit
1765 2344 1966 2409 Hispana

1113 2405 1306 2453 Tellus:
1359 2408 1445 2455 illae
1463 2407 1578 2456 veri)
1597 2448 1609 2467 ,
1647 2427 1761 2475 quas
1789 2410 1967 2460 erudita

1113 2469 1368 2520 curiositate
1389 2511 1401 2529 ‚
1439 2475 1488 2523 &
1510 2475 1774 2538 eloquentia
1789 2477 1966 2526 floridi-

1111 2552 1190 2583 ore
1213 2538 1325 2584 colit
1344 2540 1555 2588 Minerva
1578 2545 1806 2590 amoenior
1822 2582 1836 2599 ‚
1883 2559 1965 2608 ge-

1111 2604 1239 2649 nium
1276 2614 1440 2665 petunt
1482 2603 1964 2670 sanguineo—choleri-

1110 2683 1214 2716 cum
1233 2705 1246 2723 ,
1283 2670 1358 2717 vel
1398 2669 1614 2724 viciffim:
1648 2675 1751 2723 hinc
1771 2688 1844 2724 tot
1867 2681 1963 2725 An-

1219 2734 1261 2781 Y
1288 2745 1316 2784 2
1854 2739 1978 2806 glici'
