2294 2933
283 72 378 128 382

285 183 465 235 causam
503 187 689 251 Physico
726 191 912 240 Naturae
962 186 1133 252 scalpro

284 249 609 316 digniffimam.
678 258 744 304 Ita
759 256 824 303 illi
847 291 861 311 ,
895 271 949 302 an
977 251 1132 318 potius

286 315 514 367 somnient
530 357 544 377 ‚
581 320 864 376 andelirent,
890 321 1130 367 incertum.

285 384 428 454 Qiafi
460 385 575 434 vero
597 402 655 435 ex
675 383 822 434 subtili
844 387 927 433 hac
947 385 1132 433 metho-

285 449 349 497 do
376 451 615 515 argutandi
640 466 733 498 non
754 453 849 514 pari
866 453 966 514 jure
986 449 1132 497 dedu-

286 531 409 564 ceres
427 554 441 573 ,
473 519 524 567 &
541 518 693 564 caules
708 518 759 566 &
771 515 909 564 filices
928 517 1130 563 homini-

282 581 366 628 bus
392 579 603 644 suppares
624 618 637 638 ,
690 579 750 629 eo
776 581 910 646 quod
933 579 1131 646 figuram

281 645 532 694 humanam
554 645 698 710 spuria
712 664 807 694 non
825 645 930 695 raro
945 644 1130 696 affecta-

282 714 409 759 tione
419 710 715 775 praeseferant.
735 715 1022 761 ItaEmbricae
1032 729 1130 762 era-

34 771 162 820 lmw
279 775 427 826 dicata
439 777 502 825 est
514 784 716 826 Fraxinus
727 811 744 837 ,
770 781 814 826 in
826 781 954 842 cujus
969 793 1129 826 trunco

45 855 181 892 1592·
279 841 468 893 dissecto
498 847 674 907 integra
709 846 912 893 militum
949 847 1131 909 agmina

33 904 75 948 in
99 908 198 950 Coll·
279 909 545 972 apparuere:
584 912 795 973 nunquid
821 913 1130 974 tympanotti-

32 972 203 1017 Hieron.
280 977 383 1033 bas,
424 979 476 1026 &
499 976 735 1039 signiferos
759 978 829 1025 his
844 977 1129 1025 Authoribus

275 1042 524 1105 progenuit
545 1043 677 1089 arbor
701 1045 718 1091 ἓ
755 1040 828 1090 sed
853 1041 1001 1091 abeste
1019 1057 1130 1106 prae-

278 1107 448 1170 posteri
467 1108 673 1157 Cadmea
694 1104 719 1155 ὲ
738 1106 874 1172 stirpe
891 1111 1126 1172 Nepotes:

277 1172 303 1223 ὲ
322 1174 514 1222 silicibus
535 1173 791 1237 prodiistis,
824 1175 901 1238 qui
913 1174 1052 1222 filices
1073 1173 1130 1222 fic

278 1241 616 1289 transformatis
637 1244 680 1287 in
696 1241 926 1289 homines.
963 1238 1130 1290 Abeste

276 1304 413 1354 insani
425 1308 699 1370 AEgyptiaca
711 1305 769 1353 de
777 1308 921 1356 Tribu
931 1305 1128 1364 Affeclae,

277 1374 444 1436 quibus
497 1373 669 1435 volupe
718 1389 874 1435 parem
921 1374 1127 1421 furorem

275 1439 431 1486 furere
442 1475 456 1494 ,
477 1438 535 1485 de
547 1454 643 1501 quo
653 1440 886 1501 Satyricus
902 1455 912 1485 τ
935 1457 1125 1502 porrum,

276 1507 323 1556 ἐφ’
349 1511 450 1569 σερε
486 1506 601 1565 nefas
624 1509 785 1552 violare
806 1537 823 1562 ,
867 1521 913 1553 ac
930 1508 1128 1568 frangere

27 1571 145 1638 juv.
165 1574 195 1618 l.
212 1590 256 1627 5.
277 1571 409 1632 morsu
435 1588 447 1618 :
484 1568 544 1618 eo
566 1567 695 1633 quod
722 1574 909 1619 Numen
932 1571 1033 1634 ipsis
1058 1572 1128 1618 in-

27 1641 120 1684 Sat.
149 1657 220 1694 15·
275 1633 370 1685 esse-
386 1636 649 1683 crederent:
691 1652 832 1700 quam
864 1637 1028 1685 Gentis
1058 1639 1151 1687 in-,

277 1700 445 1749 faniam
467 1701 588 1748 idem
613 1699 702 1765 ipse
726 1699 906 1766 sugillat
925 1719 1019 1750 non
1037 1702 1127 1750 fine

276 1765 426 1831 splene
439 1765 700 1826 sarcastico,
715 1769 826 1816 dum
838 1770 923 1816 ait:
964 1775 1002 1816 Ο
1021 1775 1125 1818 San-

272 1839 357 1882 stas
371 1849 516 1897 gentes
535 1865 552 1891 ,
585 1837 725 1896 quibus
751 1835 1062 1898 haecnaftuntur
1083 1839 1125 1882 in

272 1903 399 1947 bortis
416 1904 602 1947 Numina
621 1905 637 1946 Ι
920 1938 922 1940 ,

361 1966 402 2012 L
423 1967 458 2012 E
481 1967 528 2014 U
551 1966 607 2014 C.
678 1965 859 2015 Sentire
916 1965 1124 2031 caudices

271 2030 558 2095 paradoxum
599 2047 611 2089 3
670 2033 860 2079 animari
906 2029 1010 2079 saxa
1052 2033 1124 2079 vi-

274 2110 371 2145 tam
386 2098 542 2144 vivere
555 2097 745 2159 lapides,
758 2096 1014 2152 monstrum
1031 2096 1120 2145 est:

272 2159 346 2210 sed
360 2161 555 2211 necdum
576 2164 667 2210 tale
675 2196 691 2219 -,
716 2175 770 2210 ut
785 2180 880 2211 non
892 2161 1122 2211 monstro-

268 2227 358 2277 sius
379 2227 646 2292 quidpiam,
681 2225 706 2275 ὲ
728 2229 919 2293 Phyficae
937 2231 1120 2277 latebris

269 2293 526 2358 producant
560 2294 722 2356 Sophi.
796 2293 933 2344 Adeo
964 2296 1120 2344 faciles

272 2357 374 2411 sunt
385 2363 588 2417 abortus,
599 2359 704 2409 cum
715 2362 978 2424 concipiunt
989 2377 1121 2410 emo-

225 2460 228 2463 -
271 2439 327 2476 tae
339 2429 507 2475 mentis
520 2423 865 2489 phantasmata5
904 2424 1012 2475 cum
1029 2429 1122 2476 foe-

273 2504 375 2540 tum
401 2494 610 2540 nutriunt
631 2493 841 2540 cerebelli
864 2508 958 2539 non
982 2510 1120 2541 exco-

270 2554 331 2606 &i
350 2557 509 2605 deliria
535 2574 545 2603 ε
576 2555 694 2606 cum
721 2561 901 2608 Patrem
921 2555 962 2604 se
980 2556 1119 2607 offert

270 2639 408 2680 error,
431 2627 647 2679 Matrem,
668 2624 910 2687 quodlibet
924 2620 1118 2672 sentien-

267 2689 314 2742 di
326 2689 500 2740 libide..
524 2687 892 2746 Enmonstruml
915 2689 973 2740 ad
987 2689 1116 2755 quod

26 1717 181 1752 UuIO·

970 75 1148 137 Oedipus
1176 71 1374 134 Phyficem

1158 2393 1161 2395 >
1177 2366 1226 2410 ti.
1248 2366 1596 2427 Percipe‚quam
1612 2362 1854 2428 splendidis
1866 2362 2024 2413 fulcris

1190 203 1320 238 aures
1341 192 1516 255 erigant
1531 190 1696 250 Midae,
1730 194 1782 244 δ(
1805 209 1901 258 quo
1923 209 2035 249 ocu-

1188 255 1262 303 los
1303 253 1451 318 pascat
1483 259 1759 308 Euclionum
1786 275 1922 308 avara
1956 276 2036 307 co-

1187 321 1312 367 hors.
1386 325 1567 370 Plantas
1589 327 1732 372 cernis
1756 342 1770 384 ς
1809 323 1881 373 sed
1901 326 2038 372 mini-

1188 381 1263 432 me
1275 387 1475 448 plantas,
1514 389 1622 451 quia
1640 392 1909 438 metallicas:
1935 406 2035 439 me-

1189 452 1298 498 talla
1319 457 1490 509 cernis,
1529 452 1602 501 sed
1623 452 1812 502 minime
1829 458 2031 512 metalla.

1188 517 1296 579 quia
1331 519 1592 581 plantarum
1627 517 1762 567 instar
1796 523 2030 569 viventia:

1187 581 1331 630 verbo
1351 585 1531 647 plantas
1559 587 1701 632 cernis
1724 621 1738 642 ,
1778 582 1851 633 sed
1877 601 2033 635 aureas

1186 649 1238 698 &
1259 662 1494 712 argenteas
1515 688 1529 707 ,
1566 650 1850 714 Chymeram
1872 655 2034 716 utique

1184 712 1462 776 pretiosam,
1497 717 1606 780 quia
1626 717 1907 764 deauratam.
1984 719 2034 764 In

1184 781 1394 842 Peripato
1427 797 1502 829 me
1540 779 1737 838 versari,
1793 782 2033 830 credebam

1184 843 1421 903 hactenus,
1447 844 1520 895 sed
1534 847 1670 896 video
1683 847 1901 904 Pindum,
1924 850 2034 910 quia

1186 911 1324 958 video
1357 915 1566 961 arborem
1596 952 1608 970 ‚
1666 929 1810 976 quain
1845 913 2034 962 Phoebei

1186 978 1411 1026 Flamines
1436 994 1543 1026 cum
1562 982 1716 1043 pomis
1745 982 1893 1028 aureis
1916 981 2035 1027 cele-

1184 1043 1336 1101 brant,
1360 1046 1406 1091 in
1417 1042 1772 1108 nemoreElyfio
1789 1045 1944 1101 sitam,
1983 1059 2035 1091 ac

1183 1110 1293 1156 Deae
1309 1107 1578 1174 Proserpinae
1597 1111 1794 1159 dicatam
1810 1148 1822 1168 ,
1853 1111 1942 1159 hoc
1964 1111 2034 1157 in-

1183 1185 1252 1222 ter
1263 1177 1349 1223 alia
1362 1172 1564 1225 maxime
1574 1178 1788 1241 prodigio
1798 1176 2033 1242 insignem,

1183 1239 1314 1304 quod
1339 1259 1470 1290 ramo
1497 1260 1593 1291 uno
1622 1243 1852 1307 ejusmodi
1871 1238 2033 1290 avulso

1182 1326 1263 1354 non(
1287 1310 1420 1370 deficit
1449 1314 1557 1357 alter
1587 1315 1754 1359 Aureus
1773 1340 1792 1367 ,
1837 1312 1883 1361 δεῖ)
1901 1311 2030 1370 simili
2047 1310 2204 1369 Virgd.
2224 1314 2273 1354 6..

1174 1374 1402 1435 frondescit
1432 1380 1557 1437 ‘uirga
1587 1374 1762 1423 metallo.
1876 1374 2197 1422 VideOAEneid.

1183 1438 1374 1488 Pindum
1390 1478 1404 1497 ,
1438 1442 1549 1502 quia
1570 1436 2032 1504 video-Hesperidum

1180 1504 1344 1562 hortos
1369 1508 1524 1569 pomis
1559 1508 1765 1555 auriferis
1804 1504 2030 1562 consitos.

1181 1588 1338 1634 queque
1367 1576 1490 1635 vigili
1514 1573 1616 1634 sunt
1644 1575 1839 1636 custodita
1869 1579 2030 1619 Draco-

1182 1655 1230 1684 ne
1265 1639 1386 1685 mala
1440 1655 1588 1686 aurea.
1706 1637 1837 1709 Qid
1882 1650 1932 1685 tu
1973 1634 2030 1684 ad

1181 1701 1287 1750 ista?
1325 1711 1487 1753 MEL.
1521 1705 1593 1754 Te
1619 1702 1758 1752 assero
1780 1703 1925 1767 decipi
1951 1718 2032 1748 ve-

1179 1770 1418 1817 hementer
1440 1788 1454 1827 ¹,
1491 1769 1520 1819 fi
1534 1786 1629 1818 non
1648 1770 1726 1819 n'isi
1749 1773 1793 1818 in
1813 1767 2031 1818 fabulosis

1178 1832 1372 1883 Parnassi
1381 1837 1503 1900 jugis
1518 1874 1531 1893 ,
1555 1852 1713 1885 aureas
1733 1838 1909 1900 plantas
1924 1850 2032 1897 pro·

1178 1904 1432 1965 germinare
1450 1904 1527 1949 tibi
1549 1900 1835 1964 persuadeas·
1903 1903 1960 1948 Et
1986 1901 2031 1948 in

1180 1970 1388 2030 Peripato
1405 1966 1623 2016 detexere
1635 1971 1839 2032 Campos
1853 1967 2029 2029 Elysios

1180 2036 1357 2097 antiqui
1394 2037 1692 2092 Democriti,
1731 2035 2027 2085 Recentiores

1180 2100 1394 2157 Cardani,
1417 2117 1465 2147 ac
1477 2103 1801 2164 Campanellae,
1822 2094 2027 2150 fabulosa

1177 2168 1657 2228 neutiquamNomina
1669 2206 1681 2225 ‚
1703 2165 1773 2215 sed
1787 2180 1885 2229 quae
1902 2177 2023 2211 aeter·

1176 2247 1282 2278 nam
1301 2230 1364 2280 sui
1379 2228 1679 2291 memoriam,
1697 2233 1862 2281 litteris
1877 2230 2025 2277 aureis

1175 2296 1441 2360 expressam,
1454 2298 1769 2362 consignarunt
1782 2294 2025 2346 Posterita-

1174 2429 1341 2479 Thefin
1359 2431 1481 2477 hunc
1493 2445 1676 2478 auream
1698 2426 1893 2476 solident
1910 2426 2024 2475 novi

1174 2497 1219 2542 in
1231 2492 1522 2558 Philosophia
1536 2493 1829 2559 Chrysologi.
1850 2493 2025 2543 Metal·

1173 2562 1232 2618 la,
1252 2562 1486 2624 inquiunt,
1505 2561 1699 2611 Genesin
1711 2561 1879 2609 habent
1891 2560 2024 2622 plan-

1173 2628 1231 2674 tis
1244 2629 1508 2689 analogam:
1531 2627 1719 2690 perinde
1734 2624 1950 2680 crescunt,
1971 2639 2023 2674 ae

1170 2695 1465 2743 nutriuntur:
1506 2694 1620 2761 quin
1639 2695 1691 2749 &
1718 2693 1848 2752 venis
1875 2691 2019 2806 alaun-

1940 2770 2019 2813 ²118
