2294 2933
349 39 461 122 ἧς

341 174 570 294 ἓυόάφιε
588 179 878 246 consequitur
900 220 912 239 ,
965 184 1020 231 ad
1043 183 1190 230 vindi-

394 261 492 304 am„;
513 249 638 294 cultu
653 246 880 296 officiosos
894 247 999 310 plus
1011 246 1188 304 scholis,

341 310 683 374 quam'inilitiae
717 313 920 360 deditos:
962 310 1186 369 afferunt,

340 375 473 440 quod
490 391 836 424 amentcantum
852 413 864 432 ,
899 377 948 425 &
973 375 1082 425 sales
1102 414 1114 434 ,
1139 394 1188 424 ac

340 441 386 487 in
410 439 561 489 mensa
591 439 816 488 sueveri'nt
843 438 928 488 effe
946 442 1142 506 frugales
1169 459 1184 502 3

337 505 441 552 hinc
454 507 538 553 laeti
555 508 845 562 convivunt,
863 522 945 554 nec
959 521 1111 555 tamen
1130 505 1184 555 fi-

336 569 467 617 dunt.
534 571 694 618 Poloni
721 571 960 618 laudantur
979 610 991 628 ,
1032 573 1086 621 iit
1103 588 1183 634 ge—

334 634 478 681 nerofi
501 670 514 688 ,
551 635 803 683 nobilitatis
828 673 841 692 ,
892 639 1180 686 &libertatis

334 712 539 747 amantes
560 737 572 754 ,
602 700 852 762 equitando
883 700 1038 749 versari
1059 742 1071 759 ,
1108 704 1178 748 vi-

327 761 404 812 ‹Ptu
425 763 549 820 duri,
583 768 747 828 apertis
760 767 899 813 etiam
911 765 1042 815 τεθεὶς
1057 766 1175 815 secu-

327 833 396 886 ri,
451 826 805 885 insint-imum,
858 832 1018 880 sicfine
1040 836 1170 881 curis.

323 897 544 943 Germani
561 894 857 957 praedicantur
884 894 975 944 fide
996 897 1169 953 sinceri,

325 961 494 1008 artibus
509 961 637 1015 clari,
671 958 836 1022 asperi,
877 963 1101 1019 laboriosi,
1128 966 1173 1010 in

324 1027 448 1073 bello
465 1027 611 1072 fortes
628 1062 640 1080 ,
676 1026 730 1073 ad
756 1042 921 1088 magna
942 1032 1064 1084 nati,
1099 1027 1173 1076 sed

323 1093 374 1141 ἃ
392 1088 535 1153 potfis
558 1103 762 1141 amantes
776 1130 787 1147 ,
826 1107 873 1138 ac
892 1096 1170 1141 Nationibus

322 1157 546 1217 externis,
580 1157 760 1211 Prothei
776 1159 820 1204 in
843 1171 1050 1216 morem,
1084 1157 1171 1207 sese

317 1218 450 1271 facile
466 1222 834 1270 accomodantes.
879 1226 926 1269 In
941 1225 1167 1272 Gentibus

319 1289 519 1336 externis
543 1285 743 1335 famosus
773 1287 835 1334 est
869 1288 1168 1337 Asiaticorum

315 1353 478 1408 luxus,
515 1353 832 1400 Africanorum
850 1352 1040 1415 perfidia
1057 1393 1069 1410 ,
1103 1361 1166 1403 A-

314 1422 650 1465 mericanorum
668 1420 880 1465 acerrima
903 1419 1068 1466 indolis
1085 1436 1162 1467 ve—

313 1482 560 1531 hementia.
642 1485 855 1530 Montani
881 1484 1091 1531 dicuntur
1115 1502 1162 1532 a-

312 1546 449 1611 speri,
485 1547 721 1595 molliores
744 1563 793 1594 ac
813 1548 983 1597 desides
1004 1548 1160 1597 ferun-

312 1627 386 1662 tur
407 1609 693 1675 Campcstres
716 1629 725 1658 :
767 1616 989 1661 Maritimi
1017 1618 1066 1664 &
1088 1618 1159 1661 In-

310 1678 449 1728 sulani
463 1678 569 1742 saepe
586 1678 820 1739 praedones
839 1717 851 1734 ,
888 1680 986 1726 Indi
1006 1681 1156 1727 mobi-

305 1746 373 1793 les
394 1783 406 1801 ‚
442 1741 686 1808 ingeniosi,
743 1745 907 1805 Magiae
940 1743 1153 1802 studiosi,

305 1825 499 1858 numero
513 1808 730 1859 fidentes:
764 1808 924 1871 Affyrii
947 1807 1153 1872 supersti-

303 1875 444 1931 tiosi,
484 1871 648 1929 Persae,
687 1873 848 1930 Medi,
884 1875 1065 1931 Parthi,
1103 1878 1153 1925 &

300 1940 478 2002 Scythae
505 1936 700 1988 fidentes
733 1938 841 1985 fibi:
908 1939 1109 2003 Phryges
1134 1977 1148 1996 ,

302 2005 598 2067 Cappadoces
614 2004 875 2051 mercenarii
897 2019 907 2050 t
933 2007 1149 2068 AEgyptii

298 2072 451 2132 ignavi
475 2108 487 2125 ,
553 2071 650 2116 Afri
679 2066 808 2115 infidi
832 2105 844 2125 ,
901 2071 1146 2132 AEthiopes

299 2135 486 2182 animosi
506 2171 519 2189 ‚
552 2136 825 2194 pertinaces,
866 2136 994 2191 vitae,
1020 2150 1145 2182 mor-

297 2199 451 2261 ti'sque
464 2210 826 2260 contemptores:
843 2200 955 2246 Sina:
969 2211 1062 2247 tam
1077 2203 1141 2246 in-

296 2264 466 2328 geniofi
481 2303 492 2320 ,
528 2262 665 2325 quam
688 2260 869 2310 fastuosi
885 2266 972 2312 &c.
1007 2267 1112 2312 Haec
1129 2301 1142 2320 ,

295 2329 527 2384 sivevera,
562 2328 653 2376 sive
670 2324 802 2382 falsa,
835 2327 1068 2383 dicuntur,
1093 2332 1144 2378 &

295 2395 419 2441 unde
441 2406 564 2441 tanta
587 2389 826 2456 genioruin
857 2395 905 2442 &
936 2395 1142 2459 ingenio-

296 2474 399 2507 rum
410 2457 668 2505 diversitas?
701 2456 820 2512 dixi,
840 2456 863 2503 a
883 2455 960 2504 soli
977 2460 1139 2507 natalis

295 2522 621 2570 constitutione
643 2523 732 2568 haec
754 2519 875 2567 suam
902 2524 1140 2569 trahitori-

293 2590 464 2650 ginem.
505 2584 651 2634 Testis
663 2584 727 2632 est
748 2582 837 2646 ipsa
847 2589 1139 2647 experientia,

296 2666 391 2716 qua
415 2653 666 2705 suecorum
685 2651 862 2708 calvas,
914 2649 1140 2702 densiores

1002 72 1206 131 Sprculum
1235 68 1457 128 Pbfficum,

1246 181 1390 246 duplo
1404 223 1416 241 ‚
1440 186 1650 236 videmus
1664 186 1822 235 craniis
1834 186 2093 235 Germano-

1244 264 1377 307 rum3
1416 253 1466 300 &
1488 252 1644 299 unde?
1680 251 1758 300 nisi
1779 288 1791 307 ,
1827 250 1957 315 qubd
1979 255 2090 299 Sue-

1244 314 1310 360 cia
1334 316 1448 362 Polo
1470 317 1679 380 proprior
1705 355 1718 374 ,
1762 319 1926 380 majori
1947 311 2089 379 longe

1242 375 1425 440 rigescat
1447 382 1569 442 gelu.
1670 384 1770 444 Jam
1794 382 1822 429 si
1840 382 1998 445 frigori
2022 378 2089 428 est

1244 454 1368 490 tanta
1389 446 1533 493 virtus
1547 483 1559 502 ,
1599 459 1652 493 ut
1670 444 1950 494 offainduret
1971 484 1983 502 ,
2014 461 2087 492 ca·

1238 508 1325 555 lori
1345 511 1428 556 erit
1442 512 1510 558 vis
1524 512 1608 558 alia
1626 548 1639 566 ,
1675 513 1725 559 &
1745 510 1922 558 diverso
1945 510 2086 558 calori

1241 574 1308 620 vis
1329 573 1483 622 denub
1499 573 1698 622 diversa:
1720 575 1834 621 illud
1849 590 2003 624 autem
2018 573 2084 623 est

1236 639 1282 683 in
1296 637 1514 696 confessb,
1535 642 1755 695 animum,
1793 642 2083 688 inclinatione

1235 698 1497 766 sympatica‚
1529 703 2081 768 dispositionemcorporis

1232 765 1378 830 sequi:
1401 773 1688 833 tantaigitur,
1702 769 1963 833 sitoportet,
1983 771 2079 817 ani-

1230 847 1412 880 morum
1429 873 1440 891 ,
1479 833 1727 884 affeetuum
1742 873 1754 890 ‚
1798 831 2079 898 morumque

1230 898 1452 955 varietas,
1501 913 1670 963 quanta
1702 898 1767 947 est
1799 916 2074 962 corporum,

1230 978 1371 1024 quam
1411 980 1496 1026 pro
1539 965 1797 1013 diversitate
1835 967 2076 1011 climatum

1227 1042 1366 1074 nemo
1384 1045 1477 1077 non
1495 1027 1580 1077 effe
1589 1032 1838 1078 maximam
1853 1029 1993 1085 videt,
2021 1031 2072 1079 &

1227 1091 1491 1142 admiratur.

1289 1159 1471 1208 LEUC.
1527 1161 1572 1208 Si
1592 1160 1785 1208 varietas
1801 1157 1995 1204 climatis
2016 1154 2073 1203 fic

1221 1222 1474 1271 humorum
1498 1226 1767 1287 temperiem
1791 1226 1958 1277 variat,
1991 1225 2070 1268 ali⁴

1221 1292 1343 1334 menti
1379 1308 1531 1350 quoque
1566 1292 1784 1350 diversitas
1811 1321 1828 1346 ,
1883 1287 2067 1336 diversis

1220 1354 1263 1397 in
1275 1355 1535 1415 regionibus
1554 1352 1725 1401 diversa
1740 1391 1752 1410 ,
1779 1355 1914 1400 aliam
1929 1365 2068 1414 atque

1219 1417 1706 1482 alianiPhysiognomis
1726 1418 1932 1466 indolem
1950 1417 2069 1464 indi-

1217 1484 1348 1529 cabit.
1417 1486 1486 1531 Sic
1502 1482 1655 1546 legisse
1675 1500 1749 1531 me
1762 1485 1949 1530 memini
1969 1519 1982 1538 ,
2018 1484 2065 1530 in

1214 1549 1380 1610 Anglia
1391 1548 1578 1611 erupisse
1589 1547 1900 1597 subterraneos
1913 1563 2064 1610 quon-

1214 1612 1322 1660 dam
1339 1613 1552 1661 homines
1577 1652 1589 1671 ,
1648 1628 1847 1676 quorum
1869 1613 2062 1662 viridem

1211 1678 1389 1725 frontis
1404 1680 1609 1726 colorem
1624 1681 1844 1726 alimento
1863 1678 2058 1726 humido

1212 1759 1269 1789 ex
1302 1744 1449 1790 herbis
1485 1781 1497 1799 ,
1558 1746 1608 1793 &
1641 1744 1862 1791 radicibus
1899 1745 2057 1791 tribuit

1209 1807 1570 1870 Physiognomiae
1604 1809 1755 1856 cultor
1780 1809 2020 1857 Kircherus
2041 1825 2054 1855 t

1207 1888 1290 1919 nec
1312 1871 1547 1921 immerito
1570 1889 1583 1931 3
1633 1890 1740 1921 nam
1765 1887 2065 1934 compertum

1206 1936 1272 1985 est
1289 1938 1487 2000 denique
1508 1976 1521 1994 ,
1571 1954 1650 1987 eos
1678 1941 1818 1986 etiam
1839 1954 1941 1985 cum
1973 1940 2055 1986 ali-

1204 2005 1372 2050 mentis
1384 2001 1571 2051 mutaffe
1594 2005 1812 2051 colorem.
1851 2001 1999 2071 de
2019 2001 2050 2050 fi

1203 2066 1296 2116 istis
1311 2070 1528 2116 alimenta
1539 2069 1741 2116 colorem
1754 2106 1766 2124 ,
1787 2070 1884 2115 aliis
1900 2080 2051 2114 muta-

1202 2148 1249 2179 re
1270 2146 1488 2195 poterunt
1507 2170 1521 2190 ,
1568 2135 1618 2181 &
1637 2134 1853 2180 humores
1875 2134 1926 2181 δε
1943 2138 2050 2179 'mo-

1199 2213 1285 2245 res.
1350 2204 1510 2246 MEL.
1555 2200 1665 2244 Non
1685 2199 1875 2244 inaniter
1894 2198 2048 2259 philo-

1201 2258 1432 2324 sopharis:
1488 2263 1556 2308 uti
1580 2263 1703 2309 cibus
1723 2300 1736 2318 ,
1778 2262 1831 2309 sic
1862 2265 1912 2310 &
1941 2269 2045 2310 Con-

1198 2332 1334 2372 vic‘t‘us
1352 2341 1474 2387 atque
1498 2331 1673 2374 Societas
1697 2326 2045 2389 Phyfiognomi-

1196 2388 1308 2437 stico
1344 2392 1455 2438 Vati
1480 2390 1697 2437 indicium
1725 2392 1923 2453 praebent
1963 2407 2042 2439 co-

1196 2453 1437 2516 gnoscendi
1459 2455 1688 2518 incognita
1705 2493 1717 2511 ‚
1742 2458 1791 2505 &
1806 2456 2044 2502 divinandi

1197 2522 1394 2571 occulta:
1427 2519 1538 2582 quid
1551 2519 1697 2582 magis
1713 2522 1888 2576 tritum,
1903 2518 2044 2581 quam

1196 2584 1310 2630 illud
1346 2588 1497 2632 Poetae
1531 2599 1541 2629 z
1593 2585 1767 2645 noscitur
1800 2604 1850 2632 ex
1882 2589 1990 2632 Socio
2023 2591 2042 2629 ἒ

1196 2664 1362 2713 nempe
1385 2647 1493 2699 ficut
1531 2664 1660 2701 amor
1684 2685 1699 2709 ,
1761 2651 1827 2700 ita
1850 2661 2042 2763 qisioque

1862 2726 1866 2728 “
1919 2726 2038 2761 ocie-
