2294 2933
881 51 1280 123 Yecbnfipbylacicm
1313 49 1545 120 Phyftcum.

1987 67 2087 116 419

317 180 518 236 tionem,
541 178 640 226 aliis
658 177 833 227 externi
843 179 958 227 a‘e‘ris
966 174 1170 242 gravita-
1225 174 1496 233 adhaerente,
1519 169 1886 231 autsuccedente,
1912 173 2082 237 partim

313 258 432 302 tem,
475 245 704 293 'universis
731 242 1055 309 amplissimam
1096 245 1167 293 di-
1221 243 1592 293 exhalationibus
1626 242 1973 289 Mercuriahbus
1999 257 2079 289 oc-

309 309 534 360 scurrendi
570 314 812 361 materiam
836 310 1120 361 demonstrat
1149 328 1160 361 :

306 381 550 426 inventum
568 382 646 427 vix
658 396 751 427 non
767 380 978 426 divinum
991 418 1003 437 ‚
1028 381 1158 443 cujus

304 447 675 508 experimentum
728 462 822 494 non
864 443 1162 494 solummodo

304 509 621 560 Sereniffimos
650 513 874 560 Uladislai
908 515 989 561 IV.
1019 509 1161 576 Regis

300 579 522 626 oculosin
533 581 724 627 Polonia
750 617 762 635 ,
799 581 1161 641 Purpuratorum

299 645 558 708 Principum
579 647 764 694 inItalia
781 682 792 702 ,
841 647 890 693 &
915 641 1160 692 Illustrisfi-

301 725 488 759 morum
518 713 793 776 quorumvis
832 711 1078 758 hominum
1112 711 1161 760 in

299 778 450 825 Gallia
480 779 536 825 ad
564 779 819 840 jucundam
846 775 907 824 sui
949 788 1159 825 contem-

297 845 553 905 plationem
572 847 795 907 pertraxit
813 882 824 900 ,
861 841 934 890 sed
949 843 1076 908 quod
1089 854 1158 891 te·

219 933 229 947 ·
296 908 361 968 ste
378 911 843 958 Schottomultorum
868 911 1071 974 ingenia,
1105 912 1157 960 &

297 977 503 1025 calamos
531 978 773 1034 excitavit,
821 991 872 1024 ut
899 974 1152 1025 effecluum

294 1053 390 1091 tam
410 1044 693 1091 mirabilium
715 1040 864 1092 causas
887 1045 936 1093 ὃς
964 1043 1151 1107 indaga-

288 1111 463 1167 rent,&
487 1112 696 1159 inventas
711 1111 894 1174 publico
915 1109 1148 1172 consigna-

287 1190 405 1224 rent.
470 1174 616 1226 Porro
652 1177 872 1240 praecipua
906 1176 1044 1239 hujus
1066 1192 1148 1224 ex-

287 1243 532 1306 perimenti
543 1243 860 1291 Phoenomena
875 1239 991 1299 sunt,
1015 1240 1147 1306 quod

289 1321 700 1374 quantumcunque
722 1310 913 1372 longus,
933 1308 1149 1372 latusque

288 1376 342 1425 sit
377 1377 592 1432 tubulus,
626 1378 883 1424 Mercurius
906 1375 962 1422 ad
989 1376 1149 1422 altitu·

286 1440 445 1490 dinem
475 1455 553 1501 27.
593 1441 848 1505 digitorum
889 1437 1144 1488 descendat.

286 1509 333 1557 Si
345 1509 390 1555 in
401 1506 637 1572 stagnante
651 1507 954 1571 Hydrargyro
973 1509 1148 1554 vitrum

284 1575 490 1632 inclines,
512 1571 720 1622 ascendat
733 1574 789 1622 ad
799 1574 1148 1622 connaturalem

285 1640 363 1690 fibi
374 1639 634 1689 mensuram
654 1656 663 1686 ε
688 1640 719 1688 si
734 1641 922 1688 tubulus
936 1654 1012 1700 27.
1025 1639 1146 1703 digi-

286 1718 361 1756 tos
373 1719 549 1772 aequet,
569 1709 632 1755 nil
657 1706 714 1753 de
739 1705 1045 1770 Hydrargyro
1064 1707 1145 1753 de-

281 1770 411 1822 fluet.
477 1775 523 1824 Si
542 1774 588 1822 in
621 1774 729 1821 loco
776 1772 976 1820 colloces
1007 1769 1143 1820 subli-

283 1841 461 1897 miore,
500 1842 733 1903 “majorem
762 1839 1141 1886 altitudinemca-

281 1908 378 1970 piet
393 1908 438 1953 in
461 1907 607 1963 valle,
635 1905 972 1968 quammonte:
1010 1903 1141 1952 deni-

284 1987 375 2036 que
398 1970 429 2020 si
457 1969 630 2021 Musaeo
657 1973 747 2019 hoc
783 1969 1139 2019 instrumentum

280 2035 552 2102 suspendas;
578 2033 791 2085 descensu
801 2038 972 2095 nubila,
993 2033 1144 2085 ascen·

282 2102 330 2154 su
363 2118 607 2154 venturam
628 2101 914 2158 serenitatem
935 2119 1144 2167 praenun-

283 2173 417 2220 ciabit
443 2188 453 2219 :
505 2186 707 2235 quorum
725 2171 936 2217 omnium
978 2169 1008 2218 si
1036 2187 1143 2218 ana-

285 2237 399 2300 lyfin
416 2237 650 2302 physicam
670 2236 695 2285 a
732 2233 1025 2299 Philosophia
1060 2254 1143 2284 ex-

283 2306 462 2367 quiras,
513 2306 782 2352 committes
823 2305 1007 2365 Sophos
1032 2318 1138 2351 cum

280 2370 474 2433 sophis,
517 2372 567 2421 &
598 2372 687 2419 hoc
706 2385 851 2432 pomo
892 2367 1138 2417 Discordiae

278 2438 541 2484 innumeras
568 2437 782 2485 movebis
820 2437 941 2484 lites.
968 2487 973 2490 ,
1025 2436 1138 2485 Cla-

280 2505 474 2551 mabunt
506 2503 681 2566 aliqui,
737 2500 781 2551 se
808 2517 866 2549 ex
893 2502 1138 2550 delabente

281 2571 518 2618 Mercurio
572 2585 770 2617 vacuum
799 2569 897 2632 jam
940 2568 1137 2617 demon-

277 2633 427 2684 strasse
457 2634 513 2683 ad
547 2635 735 2683 oculum
763 2651 773 2682 ι
826 2631 900 2684 sed
926 2636 1136 2684 clamant

278 2704 327 2750 in
361 2717 575 2758 vacuum,
613 2717 721 2748 nam
747 2698 934 2750 solidius
963 2702 1028 2749 illi
1057 2705 1138 2764 qui

278 2784 482 2816 vacuum
535 2769 624 2815 hoc
668 2769 842 2830 partim
906 2764 1138 2817 subtiliffi-

274 2849 359 2890 mo
394 2838 522 2896 aere,
576 2834 851 2894 lateralibus⁴
868 2834 979 2888 vitri
1009 2835 1136 2896 poris

1218 322 1402 377 cupant.
1473 309 1565 358 Alii
1605 302 1768 355 cuneta
1796 307 2077 356 Phoenome-

1216 393 1275 425 na
1301 379 1349 425 in
1371 389 1552 425 metum
1565 373 1723 431 vacui,
1757 370 1994 431 audaster,
2022 377 2074 426 &

1217 442 1309 493 sine
1332 456 1464 492 metu
1488 445 1724 506 rejiciunt3
1763 435 1837 486 sed
1862 441 2075 502 rejiciun-

1218 521 1292 560 tur
1303 510 1483 568 abillis,
1519 511 1597 573 qui
1617 507 1900 556 Mercurium
1923 523 2073 571 aequa-

1214 576 1320 624 liter
1334 573 1590 639 suspensum
1607 612 1618 631 ,
1652 589 1733 638 per
1744 575 1858 621 a'eris
1870 577 2072 637 gravita-

1216 653 1312 690 tem
1339 681 1351 700 ‚
1388 644 1438 693 ὃς
1477 636 1754 706 pressionem
1775 641 1898 688 illius
1920 639 2074 688 clasti-

1215 724 1316 756 cam
1336 709 1591 773 explicant:
1624 722 1731 756 nam
1757 704 1864 756 cum
1889 708 2072 755 colum-

1214 789 1273 823 na
1316 779 1429 824 a'eris
1469 773 1695 839 stagnanti
1732 776 1964 824 Mercurio
2001 775 2072 821 in·-

1214 844 1424 900 cumbat,
1455 839 1703 905 trudzitque
1723 838 1935 889 deorsum
1949 879 1960 898 ,
1978 840 2069 888 hoc

1212 904 1309 972 ipso
1348 926 1406 956 ex
1425 907 1618 956 istorum
1637 910 1870 957 Sententia
1887 946 1899 965 ‚
1939 910 2068 956 Mer-

1209 976 1427 1023 curialem
1456 977 1724 1023 columnam
1744 976 1787 1022 in
1808 975 2064 1039 aequilibrio

1207 1036 1460 1104 suspensam
1490 1054 1631 1090 tenet.
1734 1044 1791 1089 Et
1809 1040 1864 1088 sic
1891 1041 2066 1088 eruitur

1204 1109 1322 1157 ratio
1343 1108 1539 1172 physica,
1557 1124 1635 1156 cur
1646 1109 1831 1171 aequalis
1853 1109 1899 1155 in
1911 1108 2066 1155 diver-

1203 1175 1258 1224 sis
1305 1177 1478 1223 tubulis
1537 1175 1737 1223 altitudo
1800 1175 2018 1223 Mercurii
2049 1190 2061 1221 :

1205 1246 1315 1306 quia
1340 1258 1508 1306 nempe
1535 1241 1660 1288 idem
1692 1241 1867 1304 ubique
1886 1241 2064 1305 aequili-

1203 1310 1355 1357 brium
1381 1321 1508 1357 tenet
1542 1310 1660 1356 inter
1686 1309 1955 1355 columnam
1985 1311 2064 1355 ae-

1202 1390 1354 1434 ream,
1405 1390 1507 1439 quae
1551 1374 1807 1438 premendo
1834 1371 2063 1438 suspendit

1204 1444 1540 1491 Mercurialem.
1577 1439 2060 1510 Qiodaequilibrium‚

1203 1506 1232 1555 si
1261 1506 1539 1557 ascendendo
1565 1520 1776 1555 montem
1797 1543 1807 1562 ‚
1848 1507 2062 1555 breviore

1202 1577 1315 1623 aeris
1327 1577 1544 1622 columna
1568 1587 1857 1631 mutes‚mox
1875 1571 2059 1621 descenss

1200 1641 1280 1690 det
1320 1643 1619 1705 aliquantum
1635 1642 1916 1699 Mercurius,
1951 1640 1982 1689 si
2010 1643 2059 1690 in

1198 1709 1470 1771 Recipiente
1501 1723 1582 1770 per
1609 1701 1870 1756 &effaetum
1903 1712 2058 1755 aerem

1196 1772 1393 1823 omnino
1407 1774 1543 1822 tollas
1555 1811 1568 1831 ‚
1592 1772 1765 1821 defluet
1778 1786 1922 1823 totus.

1194 1839 1335 1890 flante
1347 1839 1491 1889 Borefi
1503 1876 1515 1896 ‚
1555 1834 1796 1904 Coeloque
1822 1837 1978 1888 sereno
1990 1842 2057 1888 al-

1196 1907 1289 1956 tius
1343 1905 1539 1955 ascendit
1585 1908 1839 1954 Mercurius
1864 1945 1876 1962 ‚
1913 1905 2055 1970 quam

1191 1973 1333 2023 fiante
1351 1971 1518 2023 Austro
1537 2009 1550 2029 ,
1581 1970 1821 2036 Coeloque
1853 1973 2016 2035 pluvio
2038 2010 2053 2031 ,

1200 2039 1260 2089 eo
1280 2038 1412 2104 quod
1439 2038 1582 2100 Coeio
1603 2040 1792 2103 pluvio,
1816 2043 1889 2086 aer
1908 2038 1962 2087 sit
1985 2040 2053 2087 le-

1199 2110 1303 2155 vior
1326 2145 1338 2165 ‚
1359 2105 1501 2170 quam
1538 2101 1717 2162 sereno,
1750 2104 2054 2170 Burgundissi

1198 2171 1316 2222 fides
1362 2170 1442 2221 est.
1547 2170 1699 2242 Qod
1720 2170 1750 2220 si
1776 2174 1967 2222 Coelum
1993 2173 2051 2220 ad

1199 2238 1391 2304 speciem
1416 2236 1607 2302 quidem
1633 2235 1863 2296 serenum,
1894 2235 2050 2288 sensim

1194 2320 1350 2356 tamen
1369 2303 1412 2354 se
1431 2301 1641 2368 disponat
1661 2304 1716 2352 ad
1741 2306 2048 2367 pluvias‚elu-

1193 2370 1376 2423 &tantur
1402 2369 1573 2420 sursum
1597 2372 1824 2419 innumeri
1850 2372 2050 2431 halitus,

1193 2442 1240 2488 in
1269 2440 1438 2487 imbres
1458 2437 1615 2486 denuo
1642 2436 1923 2486 resolvendi:
1945 2439 2048 2488 hinc

1193 2504 1283 2564 est,
1317 2522 1396 2554 cur
1438 2507 1672 2553 minuatur
1704 2506 2048 2569 aliquantulum

1194 2574 1307 2621 a'eris
1319 2568 1486 2636 preffio
1499 2608 1512 2627 ‚
1538 2573 1589 2620 ὃς
1599 2573 1853 2624 Mercurius
1865 2570 2048 2637 descen-

1193 2639 1302 2688 dere
1344 2635 1642 2686 observetur:
1701 2636 1859 2686 contra
1884 2639 2033 2687 ‘Coe'·”

1192 2695 1356 2770 phffio
1371 2741 1384 2761 ‚
1409 2700 1552 2765 sedad
1570 2699 1852 2750 sewu-men»
1865 2692 1951 2747 ieie
1963 2692 2046 2726 ex·

1190 2754 1586 2824 hilarameaninor
1594 2750 1661 2802 est
1669 2753 2049 2819 vaporuiiiaicen-

1307 2826 1354 2881 G
1379 2839 1411 2891 g
1427 2835 1465 2892 g
1485 2831 1520 2875 2
1920 2810 2049 2861 ''den-

1989 1776 2060 1824 Sic
2132 1780 2133 1783 ’
