<?xml version="1.0" encoding="UTF-8"?>
<!DOCTYPE html PUBLIC "-//W3C//DTD XHTML 1.0 Transitional//EN"
    "http://www.w3.org/TR/xhtml1/DTD/xhtml1-transitional.dtd">
<html xmlns="http://www.w3.org/1999/xhtml" xml:lang="en" lang="en">
 <head>
  <title>
</title>
<meta http-equiv="Content-Type" content="text/html;charset=utf-8" />
  <meta name='ocr-system' content='tesseract 3.04.00' />
  <meta name='ocr-capabilities' content='ocr_page ocr_carea ocr_par ocr_line ocrx_word'/>
</head>
<body>
  <div class='ocr_page' id='page_1' title='image "./peripateticusnos00schw_0286.png"; bbox 0 0 2294 2933; ppageno 0'>
   <div class='ocr_carea' id='block_1_1' title="bbox 267 73 1363 146">
    <p class='ocr_par' dir='ltr' id='par_1_1' title="bbox 267 73 1363 146">
     <span class='ocr_line' id='line_1_1' title="bbox 267 73 1363 146; baseline -0.003 -19"><span class='ocrx_word' id='word_1_1' title='bbox 267 75 375 128; x_wconf 73' lang='lat'>260&#39;</span> <span class='ocrx_word' id='word_1_2' title='bbox 892 74 1080 146; x_wconf 72' lang='lat' dir='ltr'>Virgula</span> <span class='ocrx_word' id='word_1_3' title='bbox 1116 73 1363 130; x_wconf 74' lang='lat' dir='ltr'>Pharaonis.</span> 
     </span>
    </p>
   </div>
   <div class='ocr_carea' id='block_1_2' title="bbox 259 187 1126 2722">
    <p class='ocr_par' dir='ltr' id='par_1_2' title="bbox 259 187 1126 2722">
     <span class='ocr_line' id='line_1_2' title="bbox 263 187 1119 257; baseline -0.004 -15"><span class='ocrx_word' id='word_1_4' title='bbox 263 191 456 243; x_wconf 78' lang='lat' dir='ltr'>fallaciis</span> <span class='ocrx_word' id='word_1_5' title='bbox 475 191 581 241; x_wconf 78' lang='lat' dir='ltr'>illos</span> <span class='ocrx_word' id='word_1_6' title='bbox 594 187 932 257; x_wconf 58' lang='lat' dir='ltr'>&#39;quoquefallit</span> <span class='ocrx_word' id='word_1_7' title='bbox 965 194 1119 256; x_wconf 87' lang='lat' dir='ltr'>impo-</span> 
     </span>
     <span class='ocr_line' id='line_1_3' title="bbox 265 255 1121 322; baseline -0.002 -17"><span class='ocrx_word' id='word_1_8' title='bbox 265 257 359 306; x_wconf 89' lang='lat' dir='ltr'>stor</span> <span class='ocrx_word' id='word_1_9' title='bbox 380 294 392 315; x_wconf 90' lang='lat'>‚</span> <span class='ocrx_word' id='word_1_10' title='bbox 423 258 618 322; x_wconf 84' lang='lat' dir='ltr'>quinon</span> <span class='ocrx_word' id='word_1_11' title='bbox 642 258 817 322; x_wconf 82' lang='lat' dir='ltr'>ignari,</span> <span class='ocrx_word' id='word_1_12' title='bbox 853 260 927 307; x_wconf 86' lang='lat' dir='ltr'>vel</span> <span class='ocrx_word' id='word_1_13' title='bbox 967 255 1121 319; x_wconf 88' lang='lat' dir='ltr'>super-</span> 
     </span>
     <span class='ocr_line' id='line_1_4' title="bbox 264 319 1120 386; baseline -0.005 -15"><span class='ocrx_word' id='word_1_14' title='bbox 264 322 445 371; x_wconf 81' lang='lat' dir='ltr'>stitiosis</span> <span class='ocrx_word' id='word_1_15' title='bbox 473 335 669 370; x_wconf 88' lang='lat' dir='ltr'>utuntur</span> <span class='ocrx_word' id='word_1_16' title='bbox 694 323 825 386; x_wconf 80' lang='lat' dir='ltr'>signis</span> <span class='ocrx_word' id='word_1_17' title='bbox 844 360 856 378; x_wconf 94' lang='lat'><strong>‚</strong></span> <span class='ocrx_word' id='word_1_18' title='bbox 889 322 961 368; x_wconf 88' lang='lat' dir='ltr'>vel</span> <span class='ocrx_word' id='word_1_19' title='bbox 996 319 1120 384; x_wconf 82' lang='lat' dir='ltr'>quasi</span> 
     </span>
     <span class='ocr_line' id='line_1_5' title="bbox 263 384 1118 448; baseline -0.005 -13"><span class='ocrx_word' id='word_1_20' title='bbox 263 386 383 436; x_wconf 87' lang='lat' dir='ltr'>inscii</span> <span class='ocrx_word' id='word_1_21' title='bbox 400 389 550 436; x_wconf 88' lang='lat' dir='ltr'>media</span> <span class='ocrx_word' id='word_1_22' title='bbox 573 387 812 442; x_wconf 83' lang='lat' dir='ltr'>adhibent,</span> <span class='ocrx_word' id='word_1_23' title='bbox 837 400 940 448; x_wconf 84' lang='lat' dir='ltr'>quae</span> <span class='ocrx_word' id='word_1_24' title='bbox 955 384 1118 433; x_wconf 87' lang='lat' dir='ltr'>necdi-</span> 
     </span>
     <span class='ocr_line' id='line_1_6' title="bbox 265 449 1119 509; baseline -0.004 -10"><span class='ocrx_word' id='word_1_25' title='bbox 265 456 370 500; x_wconf 82' lang='lat' dir='ltr'>vina</span> <span class='ocrx_word' id='word_1_26' title='bbox 391 491 403 509; x_wconf 95' lang='lat'>,</span> <span class='ocrx_word' id='word_1_27' title='bbox 443 469 526 501; x_wconf 86' lang='lat' dir='ltr'>nec</span> <span class='ocrx_word' id='word_1_28' title='bbox 550 453 746 499; x_wconf 89' lang='lat' dir='ltr'>naturali</span> <span class='ocrx_word' id='word_1_29' title='bbox 766 452 939 497; x_wconf 87' lang='lat' dir='ltr'>virtute</span> <span class='ocrx_word' id='word_1_30' title='bbox 957 449 1119 497; x_wconf 84' lang='lat' dir='ltr'>vident</span> 
     </span>
     <span class='ocr_line' id='line_1_7' title="bbox 264 508 1120 578; baseline -0.002 -14"><span class='ocrx_word' id='word_1_31' title='bbox 264 519 444 564; x_wconf 84' lang='lat' dir='ltr'>intento</span> <span class='ocrx_word' id='word_1_32' title='bbox 454 515 531 564; x_wconf 83' lang='lat' dir='ltr'>fini</span> <span class='ocrx_word' id='word_1_33' title='bbox 544 516 897 578; x_wconf 82' lang='lat' dir='ltr'>proportionata</span> <span class='ocrx_word' id='word_1_34' title='bbox 907 508 1120 578; x_wconf 67' lang='lat' dir='ltr'>adeoque</span> 
     </span>
     <span class='ocr_line' id='line_1_8' title="bbox 264 577 1119 644; baseline -0.002 -17"><span class='ocrx_word' id='word_1_35' title='bbox 264 579 401 644; x_wconf 69' lang='lat' dir='ltr'>pasto</span> <span class='ocrx_word' id='word_1_36' title='bbox 413 620 425 637; x_wconf 91' lang='lat'>,</span> <span class='ocrx_word' id='word_1_37' title='bbox 445 580 500 629; x_wconf 70' lang='lat' dir='ltr'>iit</span> <span class='ocrx_word' id='word_1_38' title='bbox 510 579 676 643; x_wconf 80' lang='lat' dir='ltr'>phrasis</span> <span class='ocrx_word' id='word_1_39' title='bbox 689 577 947 627; x_wconf 87' lang='lat' dir='ltr'>scholastica</span> <span class='ocrx_word' id='word_1_40' title='bbox 956 580 1094 626; x_wconf 84' lang='lat' dir='ltr'>habet</span> <span class='ocrx_word' id='word_1_41' title='bbox 1104 615 1119 637; x_wconf 87' lang='lat'>‚</span> 
     </span>
     <span class='ocr_line' id='line_1_9' title="bbox 263 641 1121 708; baseline -0.003 -15"><span class='ocrx_word' id='word_1_42' title='bbox 263 647 490 708; x_wconf 28' lang='lat' dir='ltr'>imp-licito</span> <span class='ocrx_word' id='word_1_43' title='bbox 500 645 671 707; x_wconf 82' lang='lat' dir='ltr'>Stygiis</span> <span class='ocrx_word' id='word_1_44' title='bbox 682 645 970 691; x_wconf 49' lang='lat' dir='ltr'>commerciis*</span> <span class='ocrx_word' id='word_1_45' title='bbox 979 641 1022 692; x_wconf 90' lang='lat' dir='ltr'>se</span> <span class='ocrx_word' id='word_1_46' title='bbox 1031 646 1121 693; x_wconf 88' lang='lat' dir='ltr'>im-</span> 
     </span>
     <span class='ocr_line' id='line_1_10' title="bbox 262 706 1122 764; baseline -0.002 -6"><span class='ocrx_word' id='word_1_47' title='bbox 262 710 451 759; x_wconf 84' lang='lat' dir='ltr'><strong>miscent</strong></span> <span class='ocrx_word' id='word_1_48' title='bbox 472 727 481 756; x_wconf 87' lang='lat'><strong>:</strong></span> <span class='ocrx_word' id='word_1_49' title='bbox 522 711 654 757; x_wconf 88' lang='lat' dir='ltr'>nullo</span> <span class='ocrx_word' id='word_1_50' title='bbox 676 706 829 757; x_wconf 85' lang='lat' dir='ltr'>forsan</span> <span class='ocrx_word' id='word_1_51' title='bbox 846 706 1122 764; x_wconf 82' lang='lat' dir='ltr'>discrimine,</span> 
     </span>
     <span class='ocr_line' id='line_1_11' title="bbox 261 771 1120 838; baseline -0.002 -15"><span class='ocrx_word' id='word_1_52' title='bbox 261 777 340 824; x_wconf 81' lang='lat' dir='ltr'>nisi</span> <span class='ocrx_word' id='word_1_53' title='bbox 354 774 485 838; x_wconf 73' lang='lat' dir='ltr'>qubd</span> <span class='ocrx_word' id='word_1_54' title='bbox 502 774 559 822; x_wconf 87' lang='lat' dir='ltr'>sic</span> <span class='ocrx_word' id='word_1_55' title='bbox 577 775 799 822; x_wconf 75' lang='lat' dir='ltr'>fallantur</span> <span class='ocrx_word' id='word_1_56' title='bbox 811 771 1120 836; x_wconf 48' lang='lat' dir='ltr'>frequentin&amp;</span> 
     </span>
     <span class='ocr_line' id='line_1_12' title="bbox 264 836 1123 905; baseline -0.003 -17"><span class='ocrx_word' id='word_1_57' title='bbox 264 836 583 905; x_wconf 23' lang='lat' dir='ltr'>aliosque-sub</span> <span class='ocrx_word' id='word_1_58' title='bbox 613 837 864 887; x_wconf 82' lang='lat' dir='ltr'>securitatis</span> <span class='ocrx_word' id='word_1_59' title='bbox 895 837 1123 887; x_wconf 80' lang='lat' dir='ltr'>schemate</span> 
     </span>
     <span class='ocr_line' id='line_1_13' title="bbox 264 901 978 968; baseline -0.007 -14"><span class='ocrx_word' id='word_1_60' title='bbox 264 908 429 955; x_wconf 86' lang='lat' dir='ltr'>fallant</span> <span class='ocrx_word' id='word_1_61' title='bbox 448 901 859 968; x_wconf 58' lang='lat' dir='ltr'>quoquesacssffisi</span> <span class='ocrx_word' id='word_1_62' title='bbox 958 912 978 934; x_wconf 62' lang='grc' dir='ltr'><em>Ψ</em></span> 
     </span>
     <span class='ocr_line' id='line_1_14' title="bbox 324 965 1124 1031; baseline -0.006 -12"><span class='ocrx_word' id='word_1_63' title='bbox 324 972 550 1019; x_wconf 83' lang='lat' dir='ltr'>LEUC:</span> <span class='ocrx_word' id='word_1_64' title='bbox 599 971 666 1017; x_wconf 89' lang='lat' dir='ltr'>Ut</span> <span class='ocrx_word' id='word_1_65' title='bbox 703 967 844 1015; x_wconf 89' lang='lat' dir='ltr'>video</span> <span class='ocrx_word' id='word_1_66' title='bbox 866 1005 880 1024; x_wconf 90' lang='lat'>,</span> <span class='ocrx_word' id='word_1_67' title='bbox 916 965 981 1017; x_wconf 88' lang='lat' dir='ltr'>sat</span> <span class='ocrx_word' id='word_1_68' title='bbox 1013 984 1124 1031; x_wconf 90' lang='lat' dir='ltr'>pro-</span> 
     </span>
     <span class='ocr_line' id='line_1_15' title="bbox 264 1030 1119 1097; baseline -0.007 -12"><span class='ocrx_word' id='word_1_69' title='bbox 264 1037 407 1085; x_wconf 76' lang='lat' dir='ltr'>funda</span> <span class='ocrx_word' id='word_1_70' title='bbox 445 1036 609 1097; x_wconf 83' lang='lat' dir='ltr'>Magiae</span> <span class='ocrx_word' id='word_1_71' title='bbox 647 1030 749 1081; x_wconf 88' lang='lat' dir='ltr'>sunt</span> <span class='ocrx_word' id='word_1_72' title='bbox 788 1032 1119 1089; x_wconf 84' lang='lat' dir='ltr'>fundamenta,</span> 
     </span>
     <span class='ocr_line' id='line_1_16' title="bbox 268 1096 1122 1165; baseline -0.005 -17"><span class='ocrx_word' id='word_1_73' title='bbox 268 1104 376 1165; x_wconf 79' lang='lat' dir='ltr'>quia</span> <span class='ocrx_word' id='word_1_74' title='bbox 410 1102 455 1146; x_wconf 88' lang='lat' dir='ltr'>in</span> <span class='ocrx_word' id='word_1_75' title='bbox 480 1100 593 1148; x_wconf 88' lang='lat' dir='ltr'>Orci</span> <span class='ocrx_word' id='word_1_76' title='bbox 622 1097 768 1162; x_wconf 82' lang='lat' dir='ltr'>posita</span> <span class='ocrx_word' id='word_1_77' title='bbox 793 1096 965 1159; x_wconf 81' lang='lat' dir='ltr'>abysso.</span> <span class='ocrx_word' id='word_1_78' title='bbox 1060 1100 1122 1145; x_wconf 84' lang='lat' dir='ltr'>Et</span> 
     </span>
     <span class='ocr_line' id='line_1_17' title="bbox 265 1155 1123 1229; baseline -0.005 -16"><span class='ocrx_word' id='word_1_79' title='bbox 265 1166 377 1229; x_wconf 86' lang='lat' dir='ltr'>quid</span> <span class='ocrx_word' id='word_1_80' title='bbox 397 1166 568 1212; x_wconf 78' lang='lat' dir='ltr'>mirum</span> <span class='ocrx_word' id='word_1_81' title='bbox 586 1175 616 1221; x_wconf 83' lang='grc'>,“</span> <span class='ocrx_word' id='word_1_82' title='bbox 635 1163 666 1212; x_wconf 89' lang='lat' dir='ltr'>fi</span> <span class='ocrx_word' id='word_1_83' title='bbox 687 1158 802 1210; x_wconf 77' lang='lat' dir='ltr'>mi&#39;ra</span> <span class='ocrx_word' id='word_1_84' title='bbox 819 1155 986 1210; x_wconf 85' lang='lat' dir='ltr'>efficiat</span> <span class='ocrx_word' id='word_1_85' title='bbox 1007 1168 1094 1211; x_wconf 84' lang='lat' dir='ltr'>Ars</span> <span class='ocrx_word' id='word_1_86' title='bbox 1107 1198 1123 1217; x_wconf 82' lang='lat'>,</span> 
     </span>
     <span class='ocr_line' id='line_1_18' title="bbox 266 1225 1120 1291; baseline -0.008 -12"><span class='ocrx_word' id='word_1_87' title='bbox 266 1245 370 1279; x_wconf 81' lang='lat' dir='ltr'>tam·</span> <span class='ocrx_word' id='word_1_88' title='bbox 398 1227 588 1277; x_wconf 85' lang='lat' dir='ltr'>scelestis</span> <span class='ocrx_word' id='word_1_89' title='bbox 623 1230 732 1276; x_wconf 84' lang='lat' dir='ltr'>nixa</span> <span class='ocrx_word' id='word_1_90' title='bbox 769 1228 1032 1291; x_wconf 82' lang='lat' dir='ltr'>principiis?</span> <span class='ocrx_word' id='word_1_91' title='bbox 1073 1225 1120 1272; x_wconf 89' lang='lat' dir='ltr'>id</span> 
     </span>
     <span class='ocr_line' id='line_1_19' title="bbox 263 1292 1116 1360; baseline -0.007 -17"><span class='ocrx_word' id='word_1_92' title='bbox 263 1300 357 1360; x_wconf 73' lang='lat' dir='ltr'>jam</span> <span class='ocrx_word' id='word_1_93' title='bbox 386 1293 491 1342; x_wconf 88' lang='lat' dir='ltr'>scire</span> <span class='ocrx_word' id='word_1_94' title='bbox 517 1308 844 1356; x_wconf 70' lang='lat' dir='ltr'>percuperem,</span> <span class='ocrx_word' id='word_1_95' title='bbox 879 1309 976 1357; x_wconf 83' lang='lat' dir='ltr'>quo</span> <span class='ocrx_word' id='word_1_96' title='bbox 1010 1292 1116 1354; x_wconf 86' lang='lat' dir='ltr'>quis</span> 
     </span>
     <span class='ocr_line' id='line_1_20' title="bbox 263 1355 1120 1424; baseline -0.007 -14"><span class='ocrx_word' id='word_1_97' title='bbox 263 1361 416 1424; x_wconf 82' lang='lat' dir='ltr'>lapide</span> <span class='ocrx_word' id='word_1_98' title='bbox 428 1360 583 1422; x_wconf 86' lang='lat' dir='ltr'>Lydio</span> <span class='ocrx_word' id='word_1_99' title='bbox 602 1355 794 1407; x_wconf 55' lang='lat' dir='ltr'>efffflus</span> <span class='ocrx_word' id='word_1_100' title='bbox 814 1359 981 1420; x_wconf 81' lang='lat' dir='ltr'>Magiae</span> <span class='ocrx_word' id='word_1_101' title='bbox 999 1357 1120 1404; x_wconf 82' lang='lat' dir='ltr'>vari-</span> 
     </span>
     <span class='ocr_line' id='line_1_21' title="bbox 259 1417 1119 1489; baseline -0.008 -14"><span class='ocrx_word' id='word_1_102' title='bbox 259 1443 320 1475; x_wconf 34' lang='lat' dir='ltr'>*os</span> <span class='ocrx_word' id='word_1_103' title='bbox 346 1436 486 1489; x_wconf 80' lang='lat' dir='ltr'>queat</span> <span class='ocrx_word' id='word_1_104' title='bbox 496 1421 743 1471; x_wconf 87' lang='lat' dir='ltr'>discernere</span> <span class='ocrx_word' id='word_1_105' title='bbox 763 1434 866 1470; x_wconf 88' lang='lat' dir='ltr'>tum</span> <span class='ocrx_word' id='word_1_106' title='bbox 903 1425 1024 1470; x_wconf 86' lang='lat' dir='ltr'>inter</span> <span class='ocrx_word' id='word_1_107' title='bbox 1050 1417 1119 1476; x_wconf 70' lang='lat' dir='ltr'>se,</span> 
     </span>
     <span class='ocr_line' id='line_1_22' title="bbox 265 1485 1119 1552; baseline -0.007 -13"><span class='ocrx_word' id='word_1_108' title='bbox 265 1502 368 1540; x_wconf 85' lang='lat' dir='ltr'>tum</span> <span class='ocrx_word' id='word_1_109' title='bbox 389 1492 444 1537; x_wconf 87' lang='lat' dir='ltr'>ab</span> <span class='ocrx_word' id='word_1_110' title='bbox 467 1491 561 1537; x_wconf 87' lang='lat' dir='ltr'>illis</span> <span class='ocrx_word' id='word_1_111' title='bbox 582 1527 595 1546; x_wconf 91' lang='lat'>‚</span> <span class='ocrx_word' id='word_1_112' title='bbox 629 1504 749 1552; x_wconf 89' lang='lat' dir='ltr'>quos</span> <span class='ocrx_word' id='word_1_113' title='bbox 783 1490 970 1536; x_wconf 86' lang='lat' dir='ltr'>Naturae</span> <span class='ocrx_word' id='word_1_114' title='bbox 989 1523 1003 1544; x_wconf 89' lang='lat'>,</span> <span class='ocrx_word' id='word_1_115' title='bbox 1040 1485 1119 1533; x_wconf 82' lang='lat' dir='ltr'>vel</span> 
     </span>
     <span class='ocr_line' id='line_1_23' title="bbox 265 1550 1122 1615; baseline -0.011 -10"><span class='ocrx_word' id='word_1_116' title='bbox 265 1559 388 1605; x_wconf 75' lang='lat' dir='ltr'>Artis</span> <span class='ocrx_word' id='word_1_117' title='bbox 423 1553 668 1612; x_wconf 79' lang='lat' dir='ltr'>industria,</span> <span class='ocrx_word' id='word_1_118' title='bbox 705 1560 784 1602; x_wconf 84' lang='lat' dir='ltr'>aut</span> <span class='ocrx_word' id='word_1_119' title='bbox 806 1554 946 1601; x_wconf 81' lang='lat' dir='ltr'>etiam</span> <span class='ocrx_word' id='word_1_120' title='bbox 962 1550 1122 1615; x_wconf 88' lang='lat' dir='ltr'>prodi-</span> 
     </span>
     <span class='ocr_line' id='line_1_24' title="bbox 267 1616 1120 1685; baseline -0.011 -16"><span class='ocrx_word' id='word_1_121' title='bbox 267 1619 392 1685; x_wconf 85' lang='lat' dir='ltr'>giosa</span> <span class='ocrx_word' id='word_1_122' title='bbox 432 1616 659 1682; x_wconf 63' lang='lat' dir='ltr'>Superum</span> <span class='ocrx_word' id='word_1_123' title='bbox 705 1631 922 1681; x_wconf 82' lang='lat' dir='ltr'>operatur</span> <span class='ocrx_word' id='word_1_124' title='bbox 955 1618 1120 1664; x_wconf 86' lang='lat' dir='ltr'>virtus.</span> 
     </span>
     <span class='ocr_line' id='line_1_25' title="bbox 265 1680 1124 1752; baseline -0.009 -17"><span class='ocrx_word' id='word_1_125' title='bbox 265 1693 448 1735; x_wconf 82' lang='lat' dir='ltr'><em>MEL:</em></span> <span class='ocrx_word' id='word_1_126' title='bbox 498 1686 720 1752; x_wconf 78' lang='lat' dir='ltr'>Qatuor</span> <span class='ocrx_word' id='word_1_127' title='bbox 751 1681 904 1731; x_wconf 82' lang='lat' dir='ltr'>claffes</span> <span class='ocrx_word' id='word_1_128' title='bbox 948 1680 1124 1730; x_wconf 84' lang='lat' dir='ltr'>Acade-</span> 
     </span>
     <span class='ocr_line' id='line_1_26' title="bbox 266 1745 1122 1813; baseline -0.008 -15"><span class='ocrx_word' id='word_1_129' title='bbox 266 1752 360 1798; x_wconf 83' lang='lat' dir='ltr'>mia</span> <span class='ocrx_word' id='word_1_130' title='bbox 378 1750 559 1813; x_wconf 80' lang='lat' dir='ltr'>Magica</span> <span class='ocrx_word' id='word_1_131' title='bbox 579 1761 788 1796; x_wconf 87' lang='lat' dir='ltr'>numerat</span> <span class='ocrx_word' id='word_1_132' title='bbox 807 1765 822 1807; x_wconf 84' lang='lat'>3</span> <span class='ocrx_word' id='word_1_133' title='bbox 861 1748 1033 1810; x_wconf 82' lang='lat' dir='ltr'>quaevis</span> <span class='ocrx_word' id='word_1_134' title='bbox 1050 1745 1122 1791; x_wconf 85' lang='lat' dir='ltr'>di-</span> 
     </span>
     <span class='ocr_line' id='line_1_27' title="bbox 265 1808 1120 1864; baseline -0.009 -1"><span class='ocrx_word' id='word_1_135' title='bbox 265 1813 392 1863; x_wconf 79' lang='lat' dir='ltr'>versa</span> <span class='ocrx_word' id='word_1_136' title='bbox 403 1815 606 1862; x_wconf 86' lang='lat' dir='ltr'>datArtis</span> <span class='ocrx_word' id='word_1_137' title='bbox 620 1811 702 1861; x_wconf 84' lang='lat' dir='ltr'>suae</span> <span class='ocrx_word' id='word_1_138' title='bbox 714 1810 737 1860; x_wconf 93' lang='lat' dir='ltr'>s</span> <span class='ocrx_word' id='word_1_139' title='bbox 762 1815 975 1860; x_wconf 87' lang='lat' dir='ltr'>ecimina:</span> <span class='ocrx_word' id='word_1_140' title='bbox 994 1808 1096 1859; x_wconf 81' lang='lat' dir='ltr'>sunt</span> <span class='ocrx_word' id='word_1_141' title='bbox 1107 1845 1120 1864; x_wconf 87' lang='lat'>‚</span> 
     </span>
     <span class='ocr_line' id='line_1_28' title="bbox 266 1830 1120 1944; baseline -0.007 -17"><span class='ocrx_word' id='word_1_142' title='bbox 266 1894 389 1944; x_wconf 81' lang='lat' dir='ltr'>quos</span> <span class='ocrx_word' id='word_1_143' title='bbox 410 1876 607 1927; x_wconf 66' lang='lat' dir='ltr'>delec&#39;iat</span> <span class='ocrx_word' id='word_1_144' title='bbox 635 1830 829 1926; x_wconf 52' lang='lat' dir='ltr'>effegtfis</span> <span class='ocrx_word' id='word_1_145' title='bbox 865 1879 1001 1932; x_wconf 86' lang='lat' dir='ltr'>miri,</span> <span class='ocrx_word' id='word_1_146' title='bbox 1044 1875 1120 1922; x_wconf 82' lang='lat' dir='ltr'>vel</span> 
     </span>
     <span class='ocr_line' id='line_1_29' title="bbox 266 1942 1118 2009; baseline -0.006 -17"><span class='ocrx_word' id='word_1_147' title='bbox 266 1948 496 2009; x_wconf 69' lang='lat' dir='ltr'>cognitio,</span> <span class='ocrx_word' id='word_1_148' title='bbox 514 1946 591 1991; x_wconf 81' lang='lat' dir='ltr'>vel</span> <span class='ocrx_word' id='word_1_149' title='bbox 619 1946 852 2006; x_wconf 71' lang='lat' dir='ltr'>operatio²</span> <span class='ocrx_word' id='word_1_150' title='bbox 873 1945 923 1992; x_wconf 83' lang='lat'>&amp;</span> <span class='ocrx_word' id='word_1_151' title='bbox 943 1942 990 1988; x_wconf 88' lang='lat' dir='ltr'>hi</span> <span class='ocrx_word' id='word_1_152' title='bbox 1011 1947 1118 1990; x_wconf 75' lang='lat' dir='ltr'>Ma·</span> 
     </span>
     <span class='ocr_line' id='line_1_30' title="bbox 264 2007 1121 2076; baseline -0.008 -18"><span class='ocrx_word' id='word_1_153' title='bbox 264 2017 345 2076; x_wconf 67' lang='lat' dir='ltr'>gie</span> <span class='ocrx_word' id='word_1_154' title='bbox 370 2008 529 2067; x_wconf 68' lang='lat' dir='ltr'>speciali</span> <span class='ocrx_word' id='word_1_155' title='bbox 573 2024 761 2071; x_wconf 83' lang='lat' dir='ltr'>operam</span> <span class='ocrx_word' id='word_1_156' title='bbox 797 2020 1003 2055; x_wconf 78' lang='lat' dir='ltr'>navant:</span> <span class='ocrx_word' id='word_1_157' title='bbox 1050 2007 1121 2052; x_wconf 90' lang='lat' dir='ltr'>ni-</span> 
     </span>
     <span class='ocr_line' id='line_1_31' title="bbox 268 2072 1121 2136; baseline -0.006 -13"><span class='ocrx_word' id='word_1_158' title='bbox 268 2075 428 2123; x_wconf 75' lang='lat' dir='ltr'>tuntur</span> <span class='ocrx_word' id='word_1_159' title='bbox 441 2076 518 2121; x_wconf 81' lang='lat' dir='ltr'>alii</span> <span class='ocrx_word' id='word_1_160' title='bbox 528 2089 597 2121; x_wconf 89' lang='lat' dir='ltr'>res</span> <span class='ocrx_word' id='word_1_161' title='bbox 607 2075 784 2124; x_wconf 81' lang='lat' dir='ltr'>futuras</span> <span class='ocrx_word' id='word_1_162' title='bbox 798 2111 811 2130; x_wconf 89' lang='lat'>,</span> <span class='ocrx_word' id='word_1_163' title='bbox 846 2072 1094 2136; x_wconf 71' lang='lat' dir='ltr'>praeteritas</span> <span class='ocrx_word' id='word_1_164' title='bbox 1105 2107 1121 2127; x_wconf 90' lang='lat'><em>‚</em></span> 
     </span>
     <span class='ocr_line' id='line_1_32' title="bbox 266 2134 1121 2201; baseline -0.007 -12"><span class='ocrx_word' id='word_1_165' title='bbox 266 2142 342 2189; x_wconf 86' lang='lat' dir='ltr'>vel</span> <span class='ocrx_word' id='word_1_166' title='bbox 378 2142 517 2187; x_wconf 86' lang='lat' dir='ltr'>etiam</span> <span class='ocrx_word' id='word_1_167' title='bbox 548 2138 781 2201; x_wconf 81' lang='lat' dir='ltr'>praesentes</span> <span class='ocrx_word' id='word_1_168' title='bbox 829 2134 1121 2201; x_wconf 83' lang='lat' dir='ltr'>cognoscere,</span> 
     </span>
     <span class='ocr_line' id='line_1_33' title="bbox 270 2201 1120 2261; baseline -0.009 -7"><span class='ocrx_word' id='word_1_169' title='bbox 270 2204 345 2254; x_wconf 76' lang='lat' dir='ltr'>fed</span> <span class='ocrx_word' id='word_1_170' title='bbox 364 2206 564 2252; x_wconf 84' lang='lat' dir='ltr'>occultas</span> <span class='ocrx_word' id='word_1_171' title='bbox 587 2242 598 2261; x_wconf 78' lang='lat'>,</span> <span class='ocrx_word' id='word_1_172' title='bbox 636 2207 686 2252; x_wconf 84' lang='lat'>&amp;</span> <span class='ocrx_word' id='word_1_173' title='bbox 711 2216 902 2250; x_wconf 84' lang='lat' dir='ltr'>conatus</span> <span class='ocrx_word' id='word_1_174' title='bbox 924 2201 1007 2249; x_wconf 87' lang='lat' dir='ltr'>iste</span> <span class='ocrx_word' id='word_1_175' title='bbox 1032 2206 1120 2252; x_wconf 73' lang='lat' dir='ltr'>Di-</span> 
     </span>
     <span class='ocr_line' id='line_1_34' title="bbox 265 2268 1126 2332; baseline -0.008 -13"><span class='ocrx_word' id='word_1_176' title='bbox 265 2275 431 2319; x_wconf 76' lang='lat' dir='ltr'>vitiatio</span> <span class='ocrx_word' id='word_1_177' title='bbox 451 2272 745 2316; x_wconf 88' lang='lat' dir='ltr'>nominatur:</span> <span class='ocrx_word' id='word_1_178' title='bbox 781 2270 868 2316; x_wconf 85' lang='lat' dir='ltr'>hos</span> <span class='ocrx_word' id='word_1_179' title='bbox 886 2270 1019 2332; x_wconf 81' lang='lat' dir='ltr'>juvat</span> <span class='ocrx_word' id='word_1_180' title='bbox 1052 2268 1126 2313; x_wconf 86' lang='lat' dir='ltr'>in-</span> 
     </span>
     <span class='ocr_line' id='line_1_35' title="bbox 269 2332 1123 2397; baseline -0.006 -14"><span class='ocrx_word' id='word_1_181' title='bbox 269 2334 379 2383; x_wconf 86' lang='lat' dir='ltr'>strui</span> <span class='ocrx_word' id='word_1_182' title='bbox 404 2373 416 2391; x_wconf 92' lang='lat'>‚</span> <span class='ocrx_word' id='word_1_183' title='bbox 441 2336 491 2384; x_wconf 90' lang='lat'>&amp;</span> <span class='ocrx_word' id='word_1_184' title='bbox 513 2336 693 2397; x_wconf 85' lang='lat' dir='ltr'>juvari,</span> <span class='ocrx_word' id='word_1_185' title='bbox 727 2349 821 2381; x_wconf 88' lang='lat' dir='ltr'>non</span> <span class='ocrx_word' id='word_1_186' title='bbox 839 2346 892 2380; x_wconf 87' lang='lat' dir='ltr'>ut</span> <span class='ocrx_word' id='word_1_187' title='bbox 910 2332 1079 2394; x_wconf 80' lang='lat' dir='ltr'>prosint</span> <span class='ocrx_word' id='word_1_188' title='bbox 1109 2369 1123 2388; x_wconf 87' lang='lat'>‚</span> 
     </span>
     <span class='ocr_line' id='line_1_36' title="bbox 271 2396 1120 2456; baseline -0.005 -10"><span class='ocrx_word' id='word_1_189' title='bbox 271 2398 345 2447; x_wconf 79' lang='lat' dir='ltr'>fed</span> <span class='ocrx_word' id='word_1_190' title='bbox 365 2412 583 2456; x_wconf 86' lang='lat' dir='ltr'>noceant,</span> <span class='ocrx_word' id='word_1_191' title='bbox 609 2400 656 2446; x_wconf 89' lang='lat' dir='ltr'>hi</span> <span class='ocrx_word' id='word_1_192' title='bbox 678 2399 873 2456; x_wconf 72' lang='lat' dir='ltr'>maleficio</span> <span class='ocrx_word' id='word_1_193' title='bbox 891 2396 1075 2444; x_wconf 86' lang='lat' dir='ltr'>student</span> <span class='ocrx_word' id='word_1_194' title='bbox 1106 2412 1120 2442; x_wconf 75' lang='lat' dir='ltr'><em>z</em></span> 
     </span>
     <span class='ocr_line' id='line_1_37' title="bbox 269 2462 1121 2527; baseline -0.006 -15"><span class='ocrx_word' id='word_1_195' title='bbox 269 2466 338 2512; x_wconf 80' lang='lat' dir='ltr'>illi</span> <span class='ocrx_word' id='word_1_196' title='bbox 373 2465 574 2527; x_wconf 82' lang='lat' dir='ltr'>denique</span> <span class='ocrx_word' id='word_1_197' title='bbox 594 2466 782 2526; x_wconf 88' lang='lat' dir='ltr'>cupiunt</span> <span class='ocrx_word' id='word_1_198' title='bbox 801 2501 812 2512; x_wconf 82' lang='grc'>,</span> <span class='ocrx_word' id='word_1_199' title='bbox 843 2462 933 2510; x_wconf 85' lang='lat' dir='ltr'>fine</span> <span class='ocrx_word' id='word_1_200' title='bbox 963 2477 1087 2508; x_wconf 79' lang='lat' dir='ltr'>noxa</span> <span class='ocrx_word' id='word_1_201' title='bbox 1108 2499 1121 2517; x_wconf 93' lang='lat'>‚</span> 
     </span>
     <span class='ocr_line' id='line_1_38' title="bbox 269 2524 1123 2591; baseline -0.006 -14"><span class='ocrx_word' id='word_1_202' title='bbox 269 2530 346 2577; x_wconf 87' lang='lat' dir='ltr'>fibi</span> <span class='ocrx_word' id='word_1_203' title='bbox 368 2567 380 2585; x_wconf 89' lang='lat'>‚</span> <span class='ocrx_word' id='word_1_204' title='bbox 413 2531 486 2575; x_wconf 89' lang='lat' dir='ltr'>vel</span> <span class='ocrx_word' id='word_1_205' title='bbox 509 2531 607 2576; x_wconf 85' lang='lat' dir='ltr'>aliis</span> <span class='ocrx_word' id='word_1_206' title='bbox 627 2525 859 2591; x_wconf 79' lang='lat' dir='ltr'>prodeffe,</span> <span class='ocrx_word' id='word_1_207' title='bbox 903 2524 979 2574; x_wconf 84' lang='lat' dir='ltr'>seu</span> <span class='ocrx_word' id='word_1_208' title='bbox 1010 2542 1123 2588; x_wconf 88' lang='lat' dir='ltr'>ope-</span> 
     </span>
     <span class='ocr_line' id='line_1_39' title="bbox 270 2592 1122 2655; baseline -0.005 -14"><span class='ocrx_word' id='word_1_209' title='bbox 270 2596 331 2642; x_wconf 87' lang='lat' dir='ltr'>ris</span> <span class='ocrx_word' id='word_1_210' title='bbox 343 2595 568 2649; x_wconf 75' lang='lat' dir='ltr'>utilitate,</span> <span class='ocrx_word' id='word_1_211' title='bbox 606 2592 678 2640; x_wconf 85' lang='lat' dir='ltr'>seu</span> <span class='ocrx_word' id='word_1_212' title='bbox 691 2595 934 2655; x_wconf 81' lang='lat' dir='ltr'>voluptate</span> <span class='ocrx_word' id='word_1_213' title='bbox 957 2629 971 2648; x_wconf 81' lang='lat'>‚</span> <span class='ocrx_word' id='word_1_214' title='bbox 1007 2593 1056 2639; x_wconf 86' lang='lat'>&amp;</span> <span class='ocrx_word' id='word_1_215' title='bbox 1075 2593 1122 2637; x_wconf 89' lang='lat' dir='ltr'>hi</span> 
     </span>
     <span class='ocr_line' id='line_1_40' title="bbox 272 2656 1125 2722; baseline -0.007 -12"><span class='ocrx_word' id='word_1_216' title='bbox 272 2673 396 2709; x_wconf 78' lang='lat' dir='ltr'>vanae</span> <span class='ocrx_word' id='word_1_217' title='bbox 417 2656 515 2707; x_wconf 86' lang='lat' dir='ltr'>sunt</span> <span class='ocrx_word' id='word_1_218' title='bbox 529 2658 673 2706; x_wconf 80' lang='lat' dir='ltr'>dediti</span> <span class='ocrx_word' id='word_1_219' title='bbox 689 2661 993 2722; x_wconf 60' lang='lat' dir='ltr'>observantiae,</span> <span class='ocrx_word' id='word_1_220' title='bbox 1063 2657 1125 2706; x_wconf 85' lang='lat' dir='ltr'>Il-</span> 
     </span>
    </p>
   </div>
   <div class='ocr_carea' id='block_1_3' title="bbox 1173 191 2035 1490">
    <p class='ocr_par' dir='ltr' id='par_1_3' title="bbox 1173 191 2035 1490">
     <span class='ocr_line' id='line_1_41' title="bbox 1174 191 2028 258; baseline 0.006 -17"><span class='ocrx_word' id='word_1_221' title='bbox 1174 192 1257 242; x_wconf 90' lang='lat' dir='ltr'>lud</span> <span class='ocrx_word' id='word_1_222' title='bbox 1293 192 1472 240; x_wconf 65' lang='lat' dir='ltr'>altiori‘s</span> <span class='ocrx_word' id='word_1_223' title='bbox 1506 191 1729 256; x_wconf 68' lang='lat' dir='ltr'>indaginis</span> <span class='ocrx_word' id='word_1_224' title='bbox 1749 196 1767 251; x_wconf 66' lang='lat'>,&#39;&#39;</span> <span class='ocrx_word' id='word_1_225' title='bbox 1812 193 2028 258; x_wconf 69' lang='lat' dir='ltr'>detegere</span> 
     </span>
     <span class='ocr_line' id='line_1_42' title="bbox 1173 254 2025 320; baseline 0.004 -15"><span class='ocrx_word' id='word_1_226' title='bbox 1173 254 1480 305; x_wconf 58' lang='lat' dir='ltr'>characterem</span> <span class='ocrx_word' id='word_1_227' title='bbox 1504 294 1518 313; x_wconf 92' lang='lat'>‚</span> <span class='ocrx_word' id='word_1_228' title='bbox 1543 274 1656 320; x_wconf 56' lang='lat' dir='ltr'>‘quo</span> <span class='ocrx_word' id='word_1_229' title='bbox 1697 261 1826 308; x_wconf 87' lang='lat' dir='ltr'>velut</span> <span class='ocrx_word' id='word_1_230' title='bbox 1856 260 2025 308; x_wconf 84' lang='lat' dir='ltr'>indicio</span> 
     </span>
     <span class='ocr_line' id='line_1_43' title="bbox 1173 319 2028 386; baseline 0.002 -15"><span class='ocrx_word' id='word_1_231' title='bbox 1173 319 1675 385; x_wconf 75' lang='lat' dir='ltr'>fignatano&#39;scasMagiae</span> <span class='ocrx_word' id='word_1_232' title='bbox 1685 339 1837 386; x_wconf 80' lang='lat' dir='ltr'>opera.</span> <span class='ocrx_word' id='word_1_233' title='bbox 1952 331 2028 373; x_wconf 84' lang='lat' dir='ltr'>An</span> 
     </span>
     <span class='ocr_line' id='line_1_44' title="bbox 1176 384 2026 450; baseline 0.002 -16"><span class='ocrx_word' id='word_1_234' title='bbox 1176 384 1352 450; x_wconf 87' lang='lat' dir='ltr'>aliquid</span> <span class='ocrx_word' id='word_1_235' title='bbox 1374 384 1498 449; x_wconf 80' lang='lat' dir='ltr'>Artis</span> <span class='ocrx_word' id='word_1_236' title='bbox 1521 386 1730 433; x_wconf 79' lang='lat' dir='ltr'>humanae</span> <span class='ocrx_word' id='word_1_237' title='bbox 1744 386 2026 445; x_wconf 84' lang='lat' dir='ltr'>industriam,</span> 
     </span>
     <span class='ocr_line' id='line_1_45' title="bbox 1176 447 2026 512; baseline 0.002 -13"><span class='ocrx_word' id='word_1_238' title='bbox 1176 464 1254 503; x_wconf 82' lang='lat' dir='ltr'>aut</span> <span class='ocrx_word' id='word_1_239' title='bbox 1282 454 1466 499; x_wconf 84' lang='lat' dir='ltr'>Naturae</span> <span class='ocrx_word' id='word_1_240' title='bbox 1498 447 1675 512; x_wconf 85' lang='lat' dir='ltr'>superet</span> <span class='ocrx_word' id='word_1_241' title='bbox 1706 452 1977 503; x_wconf 82' lang='lat' dir='ltr'>facultatem</span> <span class='ocrx_word' id='word_1_242' title='bbox 2010 491 2026 510; x_wconf 91' lang='lat'>‚</span> 
     </span>
     <span class='ocr_line' id='line_1_46' title="bbox 1175 513 2027 578; baseline 0.006 -15"><span class='ocrx_word' id='word_1_243' title='bbox 1175 518 1251 564; x_wconf 87' lang='lat' dir='ltr'>vel</span> <span class='ocrx_word' id='word_1_244' title='bbox 1272 515 1298 563; x_wconf 78' lang='grc' dir='ltr'>Ξι</span> <span class='ocrx_word' id='word_1_245' title='bbox 1317 514 1497 571; x_wconf 84' lang='lat' dir='ltr'>medio,</span> <span class='ocrx_word' id='word_1_246' title='bbox 1518 513 1648 576; x_wconf 81' lang='lat' dir='ltr'>quod</span> <span class='ocrx_word' id='word_1_247' title='bbox 1667 515 1823 578; x_wconf 83' lang='lat' dir='ltr'>Stygis</span> <span class='ocrx_word' id='word_1_248' title='bbox 1843 517 2027 567; x_wconf 79' lang='lat' dir='ltr'>adhibet</span> 
     </span>
     <span class='ocr_line' id='line_1_47' title="bbox 1175 578 2031 635; baseline -0.001 -5"><span class='ocrx_word' id='word_1_249' title='bbox 1175 581 1457 635; x_wconf 78' lang='lat' dir='ltr'>foederatus,</span> <span class='ocrx_word' id='word_1_250' title='bbox 1482 581 1557 625; x_wconf 89' lang='lat' dir='ltr'>vel</span> <span class='ocrx_word' id='word_1_251' title='bbox 1571 578 1596 626; x_wconf 71' lang='lat' dir='ltr'>a</span> <span class='ocrx_word' id='word_1_252' title='bbox 1614 579 1923 628; x_wconf 86' lang='lat' dir='ltr'>modolicebit</span> <span class='ocrx_word' id='word_1_253' title='bbox 1933 585 2031 630; x_wconf 83' lang='lat' dir='ltr'>col-</span> 
     </span>
     <span class='ocr_line' id='line_1_48' title="bbox 1175 640 2031 710; baseline 0 -16"><span class='ocrx_word' id='word_1_254' title='bbox 1175 649 1332 710; x_wconf 83' lang='lat' dir='ltr'>ligere.</span> <span class='ocrx_word' id='word_1_255' title='bbox 1350 683 1353 686; x_wconf 86' lang='lat'><em>.</em></span> <span class='ocrx_word' id='word_1_256' title='bbox 1398 645 1553 701; x_wconf 64' lang='lat' dir='ltr'>Sires5</span> <span class='ocrx_word' id='word_1_257' title='bbox 1571 640 1756 692; x_wconf 53' lang='lat' dir='ltr'>effeRui</span> <span class='ocrx_word' id='word_1_258' title='bbox 1775 645 2031 707; x_wconf 84' lang='lat' dir='ltr'>producen-</span> 
     </span>
     <span class='ocr_line' id='line_1_49' title="bbox 1176 708 2034 773; baseline 0 -14"><span class='ocrx_word' id='word_1_259' title='bbox 1176 712 1241 759; x_wconf 91' lang='lat' dir='ltr'>do</span> <span class='ocrx_word' id='word_1_260' title='bbox 1275 710 1478 758; x_wconf 86' lang='lat' dir='ltr'>adhibita</span> <span class='ocrx_word' id='word_1_261' title='bbox 1502 747 1514 766; x_wconf 89' lang='lat'>‚</span> <span class='ocrx_word' id='word_1_262' title='bbox 1557 711 1813 757; x_wconf 79' lang='lat' dir='ltr'>naturalem</span> <span class='ocrx_word' id='word_1_263' title='bbox 1854 708 2034 773; x_wconf 87' lang='lat' dir='ltr'>superet</span> 
     </span>
     <span class='ocr_line' id='line_1_50' title="bbox 1177 774 2035 840; baseline 0 -16"><span class='ocrx_word' id='word_1_264' title='bbox 1177 777 1528 840; x_wconf 81' lang='lat' dir='ltr'>proportionem</span> <span class='ocrx_word' id='word_1_265' title='bbox 1540 811 1552 829; x_wconf 93' lang='lat'>‚</span> <span class='ocrx_word' id='word_1_266' title='bbox 1576 774 1670 821; x_wconf 82' lang='lat' dir='ltr'>five</span> <span class='ocrx_word' id='word_1_267' title='bbox 1680 776 1850 823; x_wconf 80' lang='lat' dir='ltr'>intuitu</span> <span class='ocrx_word' id='word_1_268' title='bbox 1863 774 2035 824; x_wconf 81' lang='lat' dir='ltr'>distan-</span> 
     </span>
     <span class='ocr_line' id='line_1_51' title="bbox 1180 837 2034 897; baseline 0.001 -8"><span class='ocrx_word' id='word_1_269' title='bbox 1180 844 1250 889; x_wconf 83' lang='lat' dir='ltr'>tiae</span> <span class='ocrx_word' id='word_1_270' title='bbox 1265 843 1438 896; x_wconf 69' lang='lat' dir='ltr'>nimiae,</span> <span class='ocrx_word' id='word_1_271' title='bbox 1464 840 1557 897; x_wconf 79' lang='lat' dir='ltr'>sive</span> <span class='ocrx_word' id='word_1_272' title='bbox 1567 837 1752 887; x_wconf 46' lang='lat' dir='ltr'>defers&amp;</span> <span class='ocrx_word' id='word_1_273' title='bbox 1769 837 2034 890; x_wconf 82' lang='lat' dir='ltr'>sufficientis</span> 
     </span>
     <span class='ocr_line' id='line_1_52' title="bbox 1179 901 2031 968; baseline 0.001 -15"><span class='ocrx_word' id='word_1_274' title='bbox 1179 908 1365 954; x_wconf 82' lang='lat' dir='ltr'>virtutis</span> <span class='ocrx_word' id='word_1_275' title='bbox 1389 942 1403 961; x_wconf 91' lang='lat'>‚</span> <span class='ocrx_word' id='word_1_276' title='bbox 1445 919 1599 966; x_wconf 86' lang='lat' dir='ltr'>neque</span> <span class='ocrx_word' id='word_1_277' title='bbox 1629 901 1841 968; x_wconf 82' lang='lat' dir='ltr'>suppetat</span> <span class='ocrx_word' id='word_1_278' title='bbox 1869 908 1988 955; x_wconf 87' lang='lat' dir='ltr'>ratio</span> <span class='ocrx_word' id='word_1_279' title='bbox 2015 942 2031 963; x_wconf 91' lang='lat'>‚</span> 
     </span>
     <span class='ocr_line' id='line_1_53' title="bbox 1179 970 2034 1032; baseline -0.002 -13"><span class='ocrx_word' id='word_1_280' title='bbox 1179 988 1256 1019; x_wconf 84' lang='lat' dir='ltr'>cur</span> <span class='ocrx_word' id='word_1_281' title='bbox 1266 970 1485 1020; x_wconf 87' lang='lat' dir='ltr'>Numinis</span> <span class='ocrx_word' id='word_1_282' title='bbox 1498 970 1650 1016; x_wconf 83' lang='lat' dir='ltr'>altiori</span> <span class='ocrx_word' id='word_1_283' title='bbox 1660 973 1876 1032; x_wconf 87' lang='lat' dir='ltr'>potentiae</span> <span class='ocrx_word' id='word_1_284' title='bbox 1891 973 2034 1019; x_wconf 88' lang='lat' dir='ltr'>tribu-.-</span> 
     </span>
     <span class='ocr_line' id='line_1_54' title="bbox 1180 1035 2033 1099; baseline -0.002 -14"><span class='ocrx_word' id='word_1_285' title='bbox 1180 1050 1280 1085; x_wconf 88' lang='lat' dir='ltr'>atur</span> <span class='ocrx_word' id='word_1_286' title='bbox 1297 1037 1447 1092; x_wconf 85' lang='lat' dir='ltr'>Artis,</span> <span class='ocrx_word' id='word_1_287' title='bbox 1482 1035 1557 1081; x_wconf 88' lang='lat' dir='ltr'>vel</span> <span class='ocrx_word' id='word_1_288' title='bbox 1586 1036 1772 1083; x_wconf 84' lang='lat' dir='ltr'>Naturae</span> <span class='ocrx_word' id='word_1_289' title='bbox 1801 1052 1918 1099; x_wconf 90' lang='lat' dir='ltr'>opus</span> <span class='ocrx_word' id='word_1_290' title='bbox 1937 1051 2033 1083; x_wconf 88' lang='lat' dir='ltr'>non</span> 
     </span>
     <span class='ocr_line' id='line_1_55' title="bbox 1178 1099 2033 1165; baseline 0 -16"><span class='ocrx_word' id='word_1_291' title='bbox 1178 1101 1273 1158; x_wconf 86' lang='lat' dir='ltr'>est,</span> <span class='ocrx_word' id='word_1_292' title='bbox 1321 1099 1397 1148; x_wconf 84' lang='lat' dir='ltr'>sed</span> <span class='ocrx_word' id='word_1_293' title='bbox 1429 1102 1620 1161; x_wconf 84' lang='lat' dir='ltr'>Stygius</span> <span class='ocrx_word' id='word_1_294' title='bbox 1657 1102 1823 1161; x_wconf 83' lang='lat' dir='ltr'>Magiae</span> <span class='ocrx_word' id='word_1_295' title='bbox 1858 1113 2033 1165; x_wconf 80' lang='lat' dir='ltr'>partuS.</span> 
     </span>
     <span class='ocr_line' id='line_1_56' title="bbox 1177 1162 2033 1228; baseline -0.001 -15"><span class='ocrx_word' id='word_1_296' title='bbox 1177 1169 1234 1214; x_wconf 92' lang='lat' dir='ltr'>Et</span> <span class='ocrx_word' id='word_1_297' title='bbox 1281 1163 1375 1228; x_wconf 82' lang='lat' dir='ltr'>ipse</span> <span class='ocrx_word' id='word_1_298' title='bbox 1421 1162 1643 1228; x_wconf 84' lang='lat' dir='ltr'>operandi</span> <span class='ocrx_word' id='word_1_299' title='bbox 1687 1166 1857 1214; x_wconf 84' lang='lat' dir='ltr'>modus</span> <span class='ocrx_word' id='word_1_300' title='bbox 1902 1164 2033 1213; x_wconf 81' lang='lat' dir='ltr'>suum</span> 
     </span>
     <span class='ocr_line' id='line_1_57' title="bbox 1174 1228 2031 1292; baseline -0.001 -13"><span class='ocrx_word' id='word_1_301' title='bbox 1174 1247 1271 1280; x_wconf 88' lang='lat' dir='ltr'>non</span> <span class='ocrx_word' id='word_1_302' title='bbox 1315 1228 1420 1278; x_wconf 73' lang='lat' dir='ltr'>raro</span> <span class='ocrx_word' id='word_1_303' title='bbox 1458 1228 1633 1292; x_wconf 25' lang='lat' dir='ltr'>prodit-⁴</span> <span class='ocrx_word' id='word_1_304' title='bbox 1663 1231 1961 1279; x_wconf 78' lang='lat' dir='ltr'>Authorem:</span> <span class='ocrx_word' id='word_1_305' title='bbox 1997 1230 2031 1278; x_wconf 79' lang='lat' dir='ltr'><strong>fi</strong></span> 
     </span>
     <span class='ocr_line' id='line_1_58' title="bbox 1175 1292 2031 1358; baseline -0.001 -14"><span class='ocrx_word' id='word_1_306' title='bbox 1175 1299 1314 1343; x_wconf 87' lang='lat' dir='ltr'>verba</span> <span class='ocrx_word' id='word_1_307' title='bbox 1343 1292 1547 1357; x_wconf 84' lang='lat' dir='ltr'>usurpari</span> <span class='ocrx_word' id='word_1_308' title='bbox 1577 1296 1799 1357; x_wconf 85' lang='lat' dir='ltr'>percipias</span> <span class='ocrx_word' id='word_1_309' title='bbox 1829 1299 1991 1358; x_wconf 86' lang='lat' dir='ltr'>ignota</span> <span class='ocrx_word' id='word_1_310' title='bbox 2014 1331 2031 1352; x_wconf 86' lang='lat'>,</span> 
     </span>
     <span class='ocr_line' id='line_1_59' title="bbox 1175 1357 2032 1422; baseline -0.001 -15"><span class='ocrx_word' id='word_1_311' title='bbox 1175 1362 1252 1409; x_wconf 85' lang='lat' dir='ltr'>vel</span> <span class='ocrx_word' id='word_1_312' title='bbox 1261 1361 1394 1416; x_wconf 85' lang='lat' dir='ltr'>nihil,</span> <span class='ocrx_word' id='word_1_313' title='bbox 1411 1359 1489 1405; x_wconf 87' lang='lat' dir='ltr'>vel</span> <span class='ocrx_word' id='word_1_314' title='bbox 1498 1358 1685 1407; x_wconf 78' lang='lat' dir='ltr'>nonnifi</span> <span class='ocrx_word' id='word_1_315' title='bbox 1701 1357 1877 1408; x_wconf 83' lang='lat' dir='ltr'>absurdi</span> <span class='ocrx_word' id='word_1_316' title='bbox 1895 1359 2032 1422; x_wconf 77' lang='lat' dir='ltr'>quid-</span> 
     </span>
     <span class='ocr_line' id='line_1_60' title="bbox 1174 1422 2035 1490; baseline 0 -17"><span class='ocrx_word' id='word_1_317' title='bbox 1174 1427 1302 1490; x_wconf 82' lang='lat' dir='ltr'>piam</span> <span class='ocrx_word' id='word_1_318' title='bbox 1320 1423 1580 1473; x_wconf 73' lang='lat' dir='ltr'>indicantia</span> <span class='ocrx_word' id='word_1_319' title='bbox 1603 1440 1621 1484; x_wconf 78' lang='lat'>3</span> <span class='ocrx_word' id='word_1_320' title='bbox 1656 1422 1851 1482; x_wconf 85' lang='lat' dir='ltr'>fisacra‚</span> <span class='ocrx_word' id='word_1_321' title='bbox 1889 1423 2035 1473; x_wconf 88' lang='lat' dir='ltr'>sedin</span> 
     </span>
    </p>
   </div>
   <div class='ocr_carea' id='block_1_4' title="bbox 1176 1486 2057 1551">
    <p class='ocr_par' dir='ltr' id='par_1_4' title="bbox 1176 1486 2057 1551">
     <span class='ocr_line' id='line_1_61' title="bbox 1176 1486 2057 1551; baseline -0.003 -12"><span class='ocrx_word' id='word_1_322' title='bbox 1176 1487 1327 1539; x_wconf 81' lang='lat' dir='ltr'>sensus</span> <span class='ocrx_word' id='word_1_323' title='bbox 1347 1490 1527 1537; x_wconf 85' lang='lat' dir='ltr'>alienos</span> <span class='ocrx_word' id='word_1_324' title='bbox 1544 1487 1756 1551; x_wconf 80' lang='lat' dir='ltr'>detorta3</span> <span class='ocrx_word' id='word_1_325' title='bbox 1789 1488 2034 1538; x_wconf 85' lang='lat' dir='ltr'>fiadhiberi</span> <span class='ocrx_word' id='word_1_326' title='bbox 2054 1486 2057 1488; x_wconf 70' lang='grc'><strong>’</strong></span> 
     </span>
    </p>
   </div>
   <div class='ocr_carea' id='block_1_5' title="bbox 1174 1550 2035 2715">
    <p class='ocr_par' dir='ltr' id='par_1_5' title="bbox 1174 1550 2035 2715">
     <span class='ocr_line' id='line_1_62' title="bbox 1175 1550 2032 1619; baseline 0 -16"><span class='ocrx_word' id='word_1_327' title='bbox 1175 1552 1413 1619; x_wconf 85' lang='lat' dir='ltr'>perspicias</span> <span class='ocrx_word' id='word_1_328' title='bbox 1430 1564 1583 1601; x_wconf 87' lang='lat' dir='ltr'>certos</span> <span class='ocrx_word' id='word_1_329' title='bbox 1595 1550 1876 1603; x_wconf 62' lang='lat' dir='ltr'>charaS’oeres</span> <span class='ocrx_word' id='word_1_330' title='bbox 1892 1592 1906 1612; x_wconf 83' lang='lat'>,</span> <span class='ocrx_word' id='word_1_331' title='bbox 1939 1556 2032 1603; x_wconf 90' lang='lat' dir='ltr'>im-</span> 
     </span>
     <span class='ocr_line' id='line_1_63' title="bbox 1176 1615 2030 1684; baseline -0.005 -15"><span class='ocrx_word' id='word_1_332' title='bbox 1176 1623 1459 1684; x_wconf 83' lang='lat' dir='ltr'>pertinentes</span> <span class='ocrx_word' id='word_1_333' title='bbox 1470 1615 1664 1682; x_wconf 76' lang='lat' dir='ltr'>figmas,</span> <span class='ocrx_word' id='word_1_334' title='bbox 1700 1619 1734 1667; x_wconf 78' lang='lat' dir='ltr'>si</span> <span class='ocrx_word' id='word_1_335' title='bbox 1751 1620 1921 1671; x_wconf 81' lang='lat' dir='ltr'>Cruces</span> <span class='ocrx_word' id='word_1_336' title='bbox 1932 1622 2030 1666; x_wconf 90' lang='lat' dir='ltr'>ine-</span> 
     </span>
     <span class='ocr_line' id='line_1_64' title="bbox 1175 1679 2034 1749; baseline 0 -17"><span class='ocrx_word' id='word_1_337' title='bbox 1175 1681 1257 1749; x_wconf 67' lang='lat' dir='ltr'>pte</span> <span class='ocrx_word' id='word_1_338' title='bbox 1274 1685 1525 1739; x_wconf 86' lang='lat' dir='ltr'>formatas,</span> <span class='ocrx_word' id='word_1_339' title='bbox 1537 1679 1739 1732; x_wconf 68' lang='lat' dir='ltr'>indebite</span> <span class='ocrx_word' id='word_1_340' title='bbox 1754 1684 1941 1746; x_wconf 74' lang='lat' dir='ltr'>positas,</span> <span class='ocrx_word' id='word_1_341' title='bbox 1960 1682 2034 1732; x_wconf 75' lang='lat' dir='ltr'>su·</span> 
     </span>
     <span class='ocr_line' id='line_1_65' title="bbox 1176 1744 2029 1814; baseline -0.002 -16"><span class='ocrx_word' id='word_1_342' title='bbox 1176 1744 1350 1814; x_wconf 68' lang='lat' dir='ltr'>perflue</span> <span class='ocrx_word' id='word_1_343' title='bbox 1369 1788 1384 1807; x_wconf 90' lang='lat'>‚</span> <span class='ocrx_word' id='word_1_344' title='bbox 1414 1751 1466 1798; x_wconf 81' lang='lat'>&amp;</span> <span class='ocrx_word' id='word_1_345' title='bbox 1492 1746 1800 1810; x_wconf 86' lang='lat' dir='ltr'>superstitioso</span> <span class='ocrx_word' id='word_1_346' title='bbox 1831 1765 2029 1797; x_wconf 88' lang='lat' dir='ltr'>numero</span> 
     </span>
     <span class='ocr_line' id='line_1_66' title="bbox 1176 1810 2030 1876; baseline 0 -14"><span class='ocrx_word' id='word_1_347' title='bbox 1176 1817 1362 1863; x_wconf 85' lang='lat' dir='ltr'>iteratas</span> <span class='ocrx_word' id='word_1_348' title='bbox 1381 1831 1397 1874; x_wconf 80' lang='lat'>3</span> <span class='ocrx_word' id='word_1_349' title='bbox 1434 1813 1586 1876; x_wconf 80' lang='lat' dir='ltr'>siponi</span> <span class='ocrx_word' id='word_1_350' title='bbox 1604 1810 1854 1862; x_wconf 85' lang='lat' dir='ltr'>efficaciam</span> <span class='ocrx_word' id='word_1_351' title='bbox 1873 1814 2030 1862; x_wconf 86' lang='lat' dir='ltr'>videas</span> 
     </span>
     <span class='ocr_line' id='line_1_67' title="bbox 1176 1878 2031 1936; baseline -0.001 -9"><span class='ocrx_word' id='word_1_352' title='bbox 1176 1883 1224 1927; x_wconf 90' lang='lat' dir='ltr'>in</span> <span class='ocrx_word' id='word_1_353' title='bbox 1235 1881 1368 1926; x_wconf 88' lang='lat' dir='ltr'>certis</span> <span class='ocrx_word' id='word_1_354' title='bbox 1389 1879 1576 1935; x_wconf 87' lang='lat' dir='ltr'>ritibus,</span> <span class='ocrx_word' id='word_1_355' title='bbox 1598 1879 1689 1926; x_wconf 83' lang='lat' dir='ltr'>hoc</span> <span class='ocrx_word' id='word_1_356' title='bbox 1710 1878 1808 1936; x_wconf 88' lang='lat' dir='ltr'>die,</span> <span class='ocrx_word' id='word_1_357' title='bbox 1838 1880 1922 1927; x_wconf 92' lang='lat' dir='ltr'>hac</span> <span class='ocrx_word' id='word_1_358' title='bbox 1943 1881 2031 1926; x_wconf 90' lang='lat' dir='ltr'>ho·-</span> 
     </span>
     <span class='ocr_line' id='line_1_68' title="bbox 1177 1940 2032 2000; baseline 0 -8"><span class='ocrx_word' id='word_1_359' title='bbox 1177 1945 1224 1992; x_wconf 68' lang='lat' dir='ltr'>ra</span> <span class='ocrx_word' id='word_1_360' title='bbox 1241 1940 1534 1991; x_wconf 85' lang='lat' dir='ltr'>observandis</span> <span class='ocrx_word' id='word_1_361' title='bbox 1556 1980 1571 2000; x_wconf 84' lang='lat'>‚</span> <span class='ocrx_word' id='word_1_362' title='bbox 1610 1943 1667 1991; x_wconf 88' lang='lat' dir='ltr'>ad</span> <span class='ocrx_word' id='word_1_363' title='bbox 1684 1957 1860 1992; x_wconf 86' lang='lat' dir='ltr'>certum</span> <span class='ocrx_word' id='word_1_364' title='bbox 1875 1943 2032 1992; x_wconf 87' lang='lat' dir='ltr'>stella-</span> 
     </span>
     <span class='ocr_line' id='line_1_69' title="bbox 1174 2005 2028 2065; baseline -0.002 -8"><span class='ocrx_word' id='word_1_365' title='bbox 1174 2024 1278 2057; x_wconf 87' lang='lat' dir='ltr'>rum</span> <span class='ocrx_word' id='word_1_366' title='bbox 1287 2008 1423 2057; x_wconf 79' lang='lat' dir='ltr'>situm</span> <span class='ocrx_word' id='word_1_367' title='bbox 1441 2045 1455 2065; x_wconf 86' lang='lat'>‚</span> <span class='ocrx_word' id='word_1_368' title='bbox 1481 2005 1561 2055; x_wconf 89' lang='lat' dir='ltr'>sub</span> <span class='ocrx_word' id='word_1_369' title='bbox 1574 2021 1700 2056; x_wconf 89' lang='lat' dir='ltr'>certo</span> <span class='ocrx_word' id='word_1_370' title='bbox 1710 2024 1905 2057; x_wconf 85' lang='lat' dir='ltr'>numero</span> <span class='ocrx_word' id='word_1_371' title='bbox 1922 2024 2028 2056; x_wconf 90' lang='lat' dir='ltr'>can-</span> 
     </span>
     <span class='ocr_line' id='line_1_70' title="bbox 1174 2074 2026 2136; baseline -0.001 -14"><span class='ocrx_word' id='word_1_372' title='bbox 1174 2075 1383 2122; x_wconf 89' lang='lat' dir='ltr'>delarum</span> <span class='ocrx_word' id='word_1_373' title='bbox 1401 2111 1416 2130; x_wconf 84' lang='lat'>‚</span> <span class='ocrx_word' id='word_1_374' title='bbox 1446 2085 1573 2121; x_wconf 87' lang='lat' dir='ltr'>certo</span> <span class='ocrx_word' id='word_1_375' title='bbox 1591 2077 1800 2136; x_wconf 90' lang='lat' dir='ltr'>corporis</span> <span class='ocrx_word' id='word_1_376' title='bbox 1818 2074 1905 2123; x_wconf 87' lang='lat' dir='ltr'>fitu</span> <span class='ocrx_word' id='word_1_377' title='bbox 1928 2111 1942 2130; x_wconf 90' lang='lat'>‚</span> <span class='ocrx_word' id='word_1_378' title='bbox 1975 2075 2026 2121; x_wconf 86' lang='lat' dir='ltr'>in</span> 
     </span>
     <span class='ocr_line' id='line_1_71' title="bbox 1177 2139 2028 2200; baseline -0.005 -12"><span class='ocrx_word' id='word_1_379' title='bbox 1177 2141 1257 2188; x_wconf 85' lang='lat' dir='ltr'>tali</span> <span class='ocrx_word' id='word_1_380' title='bbox 1268 2141 1445 2195; x_wconf 84' lang='lat' dir='ltr'>charta,</span> <span class='ocrx_word' id='word_1_381' title='bbox 1463 2139 1602 2200; x_wconf 76' lang='lat' dir='ltr'>hUJus</span> <span class='ocrx_word' id='word_1_382' title='bbox 1619 2140 1812 2195; x_wconf 88' lang='lat' dir='ltr'>coloris,</span> <span class='ocrx_word' id='word_1_383' title='bbox 1843 2140 1918 2185; x_wconf 89' lang='lat' dir='ltr'>vel</span> <span class='ocrx_word' id='word_1_384' title='bbox 1936 2139 2028 2187; x_wconf 78' lang='lat' dir='ltr'>illi-</span> 
     </span>
     <span class='ocr_line' id='line_1_72' title="bbox 1176 2202 2030 2268; baseline -0.005 -15"><span class='ocrx_word' id='word_1_385' title='bbox 1176 2222 1231 2253; x_wconf 88' lang='lat' dir='ltr'>us</span> <span class='ocrx_word' id='word_1_386' title='bbox 1248 2202 1438 2268; x_wconf 83' lang='lat' dir='ltr'>figurae3</span> <span class='ocrx_word' id='word_1_387' title='bbox 1473 2203 1505 2251; x_wconf 87' lang='lat' dir='ltr'>fi</span> <span class='ocrx_word' id='word_1_388' title='bbox 1530 2203 1739 2251; x_wconf 83' lang='lat' dir='ltr'>advertas</span> <span class='ocrx_word' id='word_1_389' title='bbox 1764 2204 1863 2250; x_wconf 88' lang='lat' dir='ltr'>vim</span> <span class='ocrx_word' id='word_1_390' title='bbox 1879 2204 2030 2250; x_wconf 83' lang='lat' dir='ltr'>collo-</span> 
     </span>
     <span class='ocr_line' id='line_1_73' title="bbox 1178 2264 2030 2330; baseline -0.005 -12"><span class='ocrx_word' id='word_1_391' title='bbox 1178 2271 1382 2318; x_wconf 87' lang='lat' dir='ltr'>catamin</span> <span class='ocrx_word' id='word_1_392' title='bbox 1391 2264 1689 2316; x_wconf 83' lang='lat' dir='ltr'>observantiis</span> <span class='ocrx_word' id='word_1_393' title='bbox 1707 2280 1802 2315; x_wconf 88' lang='lat' dir='ltr'>tam</span> <span class='ocrx_word' id='word_1_394' title='bbox 1812 2265 2030 2330; x_wconf 80' lang='lat' dir='ltr'>superflu-</span> 
     </span>
     <span class='ocr_line' id='line_1_74' title="bbox 1177 2330 2029 2396; baseline -0.004 -13"><span class='ocrx_word' id='word_1_395' title='bbox 1177 2337 1216 2383; x_wconf 88' lang='lat' dir='ltr'>is</span> <span class='ocrx_word' id='word_1_396' title='bbox 1229 2373 1242 2392; x_wconf 88' lang='lat'>,</span> <span class='ocrx_word' id='word_1_397' title='bbox 1279 2331 1420 2396; x_wconf 69' lang='lat' dir='ltr'>quam</span> <span class='ocrx_word' id='word_1_398' title='bbox 1457 2333 1657 2380; x_wconf 86' lang='lat' dir='ltr'>ridiculis</span> <span class='ocrx_word' id='word_1_399' title='bbox 1681 2370 1696 2390; x_wconf 84' lang='lat'>,</span> <span class='ocrx_word' id='word_1_400' title='bbox 1729 2334 1888 2395; x_wconf 87' lang='lat' dir='ltr'>quales</span> <span class='ocrx_word' id='word_1_401' title='bbox 1927 2330 2029 2380; x_wconf 88' lang='lat' dir='ltr'>sunt</span> 
     </span>
     <span class='ocr_line' id='line_1_75' title="bbox 1178 2398 2035 2462; baseline -0.004 -15"><span class='ocrx_word' id='word_1_402' title='bbox 1178 2410 1298 2447; x_wconf 90' lang='lat' dir='ltr'>certa</span> <span class='ocrx_word' id='word_1_403' title='bbox 1315 2414 1435 2462; x_wconf 87' lang='lat' dir='ltr'>aqua</span> <span class='ocrx_word' id='word_1_404' title='bbox 1465 2399 1618 2446; x_wconf 88' lang='lat' dir='ltr'>lavare</span> <span class='ocrx_word' id='word_1_405' title='bbox 1641 2398 1806 2445; x_wconf 84' lang='lat' dir='ltr'>faciem</span> <span class='ocrx_word' id='word_1_406' title='bbox 1826 2435 1838 2454; x_wconf 85' lang='lat'><strong><em>‚</em></strong></span> <span class='ocrx_word' id='word_1_407' title='bbox 1875 2398 2035 2446; x_wconf 84' lang='lat' dir='ltr'>radere</span> 
     </span>
     <span class='ocr_line' id='line_1_76' title="bbox 1177 2460 2030 2527; baseline -0.001 -16"><span class='ocrx_word' id='word_1_408' title='bbox 1177 2465 1394 2527; x_wconf 86' lang='lat' dir='ltr'>capillos,</span> <span class='ocrx_word' id='word_1_409' title='bbox 1415 2464 1524 2519; x_wconf 86' lang='lat' dir='ltr'>hac,</span> <span class='ocrx_word' id='word_1_410' title='bbox 1546 2463 1622 2509; x_wconf 90' lang='lat' dir='ltr'>vel</span> <span class='ocrx_word' id='word_1_411' title='bbox 1640 2464 1718 2509; x_wconf 89' lang='lat' dir='ltr'>illa</span> <span class='ocrx_word' id='word_1_412' title='bbox 1735 2462 1864 2509; x_wconf 88' lang='lat' dir='ltr'>indui</span> <span class='ocrx_word' id='word_1_413' title='bbox 1882 2460 2030 2510; x_wconf 87' lang='lat' dir='ltr'>veste:</span> 
     </span>
     <span class='ocr_line' id='line_1_77' title="bbox 1177 2526 2028 2591; baseline -0.001 -16"><span class='ocrx_word' id='word_1_414' title='bbox 1177 2529 1379 2591; x_wconf 87' lang='lat' dir='ltr'>denique</span> <span class='ocrx_word' id='word_1_415' title='bbox 1411 2527 1442 2575; x_wconf 80' lang='lat' dir='ltr'>si</span> <span class='ocrx_word' id='word_1_416' title='bbox 1471 2526 1825 2575; x_wconf 87' lang='lat' dir='ltr'>circumstantias</span> <span class='ocrx_word' id='word_1_417' title='bbox 1860 2539 1994 2575; x_wconf 87' lang='lat' dir='ltr'>notes</span> <span class='ocrx_word' id='word_1_418' title='bbox 2013 2563 2028 2583; x_wconf 91' lang='lat'><strong><em>‚</em></strong></span> 
     </span>
     <span class='ocr_line' id='line_1_78' title="bbox 1180 2592 2029 2654; baseline 0 -16"><span class='ocrx_word' id='word_1_419' title='bbox 1180 2592 1678 2654; x_wconf 81' lang='lat' dir='ltr'>quaenihilconferunt,</span> <span class='ocrx_word' id='word_1_420' title='bbox 1695 2609 1776 2640; x_wconf 83' lang='lat' dir='ltr'>nec</span> <span class='ocrx_word' id='word_1_421' title='bbox 1793 2594 1936 2640; x_wconf 86' lang='lat' dir='ltr'>etiam</span> <span class='ocrx_word' id='word_1_422' title='bbox 1958 2594 2029 2638; x_wconf 86' lang='lat' dir='ltr'>vi-</span> 
     </span>
     <span class='ocr_line' id='line_1_79' title="bbox 1179 2655 2030 2715; baseline -0.004 -8"><span class='ocrx_word' id='word_1_423' title='bbox 1179 2656 1528 2708; x_wconf 69' lang='lat' dir='ltr'>denturidoneae</span> <span class='ocrx_word' id='word_1_424' title='bbox 1539 2695 1552 2715; x_wconf 88' lang='lat'>,</span> <span class='ocrx_word' id='word_1_425' title='bbox 1579 2659 1653 2709; x_wconf 88' lang='lat' dir='ltr'>vel</span> <span class='ocrx_word' id='word_1_426' title='bbox 1666 2655 1818 2708; x_wconf 83' lang='lat' dir='ltr'>solidae</span> <span class='ocrx_word' id='word_1_427' title='bbox 1837 2672 2030 2710; x_wconf 84' lang='lat' dir='ltr'>movere</span> 
     </span>
    </p>
   </div>
   <div class='ocr_carea' id='block_1_6' title="bbox 1831 2723 2113 2786">
    <p class='ocr_par' dir='ltr' id='par_1_6' title="bbox 1831 2723 2113 2786">
     <span class='ocr_line' id='line_1_80' title="bbox 1831 2723 2113 2786; baseline -0.011 -13"><span class='ocrx_word' id='word_1_428' title='bbox 1831 2725 2031 2786; x_wconf 83' lang='lat' dir='ltr'>Superos</span> <span class='ocrx_word' id='word_1_429' title='bbox 2104 2723 2113 2731; x_wconf 86' lang='grc'><em>“</em></span> 
     </span>
    </p>
   </div>
   <div class='ocr_carea' id='block_1_7' title="bbox 2217 0 2275 2691">
    <p class='ocr_par' dir='ltr' id='par_1_7' title="bbox 2217 0 2275 2691">
     <span class='ocr_line' id='line_1_81' title="bbox 2217 0 2275 2691; baseline 0 0"><span class='ocrx_word' id='word_1_430' title='bbox 2217 0 2275 2691; x_wconf 95' lang='lat' dir='ltr'> </span> 
     </span>
    </p>
   </div>
   <div class='ocr_carea' id='block_1_8' title="bbox 2227 2845 2273 2933">
    <p class='ocr_par' dir='ltr' id='par_1_8' title="bbox 2227 2845 2273 2933">
     <span class='ocr_line' id='line_1_82' title="bbox 2228 2845 2271 2895; baseline 0 0"><span class='ocrx_word' id='word_1_431' title='bbox 2228 2845 2271 2895; x_wconf 68' lang='grc' dir='ltr'>ῑῖἑ</span> 
     </span>
     <span class='ocr_line' id='line_1_83' title="bbox 2227 2895 2273 2933; baseline 0 0"><span class='ocrx_word' id='word_1_432' title='bbox 2227 2895 2273 2933; x_wconf 56' lang='lat' dir='ltr'>*i</span> 
     </span>
    </p>
   </div>
  </div>
 </body>
</html>
