2294 2933
834 61 956 118 ScyHa
973 70 1095 120 atque
1113 58 1341 120 Charybdis.
1378 76 1382 79 ’
1414 108 1417 109 ⁷

273 172 450 219 ··MEL.
489 171 628 220 Oculi
652 172 865 222 fabricam
883 175 1084 235 ostendi,

240 231 318 282 sed
332 237 524 284 necdum
550 240 596 284 in
607 238 771 286 fabrica
793 243 972 289 culmen
983 259 1084 305 per—

237 297 472 349 feetionis:
511 305 775 364 quaeattuli‚
810 306 1084 354 fundamen-

238 375 284 410 ta
305 363 406 413 sunt
426 368 584 429 potius
607 403 619 424 ,
655 371 820 430 quibus
849 373 961 418 nihil
988 387 1082 418 non

234 431 519 491 paradoxum
551 431 855 494 superinstruit
885 439 1076 483 Natura.

61 494 171 536 Lux·
212 496 644 559 ‘Deo‘culiobjeelo
661 499 772 560 quid
789 499 971 558 dicam3
1008 500 1078 546 di—

229 574 395 608 cuntur
411 575 502 608 tam
514 566 684 619 multa,
718 575 812 610 tam
827 566 974 620 varia,
997 577 1074 620 ut,

229 626 342 687 quid
362 626 508 681 dicam
527 665 538 683 ‚
572 631 777 690 ignorem
798 644 807 673 :
847 645 903 676 ne
923 642 1075 676 tamen

228 693 391 738 silentii
449 696 642 740 tenebris
692 695 933 741 involvam
986 695 1075 741 hoc

225 758 539 818 Phoebijubar,
554 758 700 805 dicam
714 774 868 819 pauca,
894 756 966 805 sed
980 775 1073 806 non

224 838 309 883 pro
332 824 437 870 foro
460 860 472 879 ‚
529 834 582 870 ut
611 821 939 872 contentiosius
964 825 1072 871 lites

222 888 430 934 deeidam
450 925 462 943 ‚
501 885 574 935 sed
596 904 679 950 pro
700 890 938 951 colloquio
964 926 978 944 ,
1017 901 1070 936 ut

221 951 279 998 cie
292 954 447 1000 litibus
463 966 507 1000 te
518 954 572 1001 ad
584 950 827 1000 discursum
845 953 1064 1000 erudiam.

220 1016 425 1065 Unisona
447 1020 710 1081 Sophorum
737 1021 947 1064 omnium
970 1035 1066 1065 vox

219 1080 307 1128 est:
331 1080 567 1144 objectum
578 1085 814 1130 oculiLux
824 1082 887 1130 est
900 1085 949 1132 &
970 1086 1066 1132 Co-

217 1147 304 1194 lor.
372 1148 460 1196 Sed
480 1148 608 1204 audi,
644 1150 689 1195 in
702 1164 842 1211 quam
863 1146 1062 1196 dissonos

215 1214 438 1260 clamores
450 1212 541 1260 haee
566 1214 751 1261 tandem
771 1213 940 1260 desinat
953 1214 1063 1272 ,har-

214 1280 384 1325 mo’nia.
446 1280 544 1344 Qi
570 1279 626 1326 ad
652 1277 910 1327 Aristotelis
929 1294 1062 1341 orga-

213 1358 325 1390 num
341 1344 640 1392 modulantur
668 1381 680 1400 ,
713 1345 884 1391 Lucem
911 1381 924 1399 ,
961 1362 1060 1405 qua-

215 1413 375 1456 litatem
398 1406 482 1455 esse
496 1411 830 1472 pronuntiant„
876 1410 901 1456 ὰ
928 1425 1059 1471 corpo-

213 1491 256 1520 re
275 1474 462 1534 luminofh
480 1479 727 1538 produc‘l‘am.
785 1478 928 1522 Pauca
959 1489 1059 1520 ver-

212 1539 293 1594 ba,
326 1538 541 1600 mysteria
559 1542 756 1603 plurima
778 1578 790 1596 ,
838 1554 937 1602 quae
957 1539 1057 1585 luce

208 1604 441 1666 indigent,
475 1619 528 1653 ut
549 1617 759 1653 naturam
777 1605 889 1665 lucis
909 1641 922 1660 ,
957 1618 1051 1651 ma-

208 1665 277 1731 gis
292 1668 531 1717 illustrent.
598 1675 793 1736 Qalitas
816 1668 881 1716 est
906 1707 918 1726 ,
956 1684 1055 1731 quae

208 1732 458 1782 substantiae
478 1734 611 1783 instar
634 1732 880 1784 reflectitur
898 1750 908 1779 :
942 1734 1053 1794 abfh-

206 1804 296 1846 luta
328 1833 344 1856 ‚
390 1816 488 1864 quae
509 1812 581 1848 tot
605 1803 739 1848 radiis
762 1802 807 1847 in
827 1800 1053 1862 pupillam

205 1865 538 1914 confluentibus
563 1903 576 1922 ,
598 1867 601 1871 ’
637 1883 731 1913 non
766 1865 1017 1912 intenditur
1037 1901 1050 1920 ‚

198 1935 429 1993 per-festiva
461 1930 525 1978 est
549 1967 562 1986 ‚
622 1947 724 1994 quae
757 1942 911 1977 tamen
955 1944 1050 1975 non

205 2010 414 2058 penetrat
440 2013 595 2057 opaca.
712 2000 917 2065 Qalitas.
942 1992 1015 2067 est·
1037 2030 1050 2050 ,

146 2101 151 2104 .
208 2077 308 2125 quae
329 2062 538 2110 transiens
558 2078 639 2124 per
650 2063 780 2124 plura
797 2059 972 2114 media,
1006 2074 1051 2104 in

205 2124 303 2190 ipso
336 2129 596 2191 refringitur
634 2131 736 2175 aere
768 2142 778 2171 z
828 2125 1006 2184 abfhluta
1032 2154 1048 2179 ‚

206 2207 307 2253 quae
348 2206 498 2240 tamer·
533 2191 706 2254 respicit
736 2193 1049 2250 homogeneas

204 2269 354 2322 partes
371 2297 382 2315 ‚
409 2259 542 2306 situm
557 2254 752 2314 rectum,
774 2252 1012 2319 porosque
1035 2290 1047 2308 ‚

202 2335 257 2371 ut
277 2337 509 2387 permeet:
548 2326 776 2387 perfeeftiva
793 2354 811 2379 ‚
855 2336 957 2386 quae
981 2331 1048 2366 ta-

201 2403 309 2436 men
339 2388 567 2452 speculum
604 2387 848 2445 caustieum
875 2426 888 2445 ,
940 2395 1047 2460 utut

197 2454 502 2515 diaphanum‚
542 2453 721 2502 tranfire
733 2457 910 2516 nequit,
935 2466 1047 2514 quin

203 2516 290 2566 sese
304 2521 513 2583 colligat,
551 2517 885 2568 &reflectatun
954 2514 1045 2564 En!

201 2586 475 2646 qualitatem
486 2585 755 2640 mirabilem,
777 2586 885 2646 quia
893 2583 1046 2652 speciq-

201 2654 281 2698 lem
308 2681 326 2708 ‚
380 2665 489 2698 nam
507 2651 571 2698 ita
600 2661 724 2699 tenet
742 2650 1045 2716 proprietates

1929 75 1988 124 81

1141 173 1413 236 substantiae,
1443 189 1498 228 ut
1508 179 1637 230 fimul
1657 185 1852 235 retineat
1872 201 1987 249 qua-

1138 243 1485 291 litatisnomen:
1509 247 1580 292 —fic
1601 244 1802 309 sequitur
1822 266 1985 313 corpo-

1137 309 1221 362 ris,
1252 309 1761 370 cuiinhaeretnaturam,
1793 317 1985 363 utillam

1139 382 1293 419 tamen
1310 389 1404 420 non
1430 372 1698 437 assequatur.
1795 380 1883 427 Sed
1900 382 1983 426 nee

1133 435 1297 484 clarius
1327 440 1476 486 lucem
1508 442 1771 490 illuminant
1797 482 1809 500 ,
1864 446 1946 506 qui
1965 481 1980 500 ‚

1132 503 1278 562 plenis
1302 505 1603 564 igniculorum
1626 502 1825 556 effluviis
1845 547 1857 564 ,
1893 506 1981 554 sese

1131 564 1287 612 dicunt
1306 568 1328 613 a
1349 570 1558 629 Cynthio
1573 569 1808 619 illustrari:
1842 587 1949 620 nam
1963 609 1976 628 ,

1129 645 1234 675 cum
1246 633 1523 693 Empedocle
1541 672 1552 690 ‚
1582 636 1737 682 lumen
1761 636 1847 685 effe
1867 654 1980 685 con-

1130 695 1324 741 tendunt
1338 694 1667 745 subtiliffimam
1681 700 1933 761 flammam,
1952 702 1977 751 εἰ

1127 774 1317 820 corpore
1329 762 1483 807 lucido
1497 765 1870 826 quaquaversum
1884 768 1976 814 dif-

1125 821 1271 871 fusam
1297 862 1309 880 ,
1357 829 1407 874 &
1426 841 1726 890 propagatam
1747 847 1895 894 usque
1916 832 1973 879 ad

1125 890 1328 936 oculum.
1401 890 1496 939 En!
1539 894 1798 955 oppositam
1824 899 1971 958 quali-

1125 955 1208 1000 tati
1221 957 1414 1003 mirabili
1435 994 1448 1013 ,
1487 974 1582 1005 non
1607 962 1862 1008 mirabilem
1882 964 1973 1009 mi-

1122 1017 1209 1065 nus
1236 1016 1542 1069 substantiam.
1609 1027 1840 1086 Substantia
1869 1026 1933 1074 est
1954 1064 1968 1084 ,

1121 1098 1222 1145 quae
1239 1087 1474 1146 qualitatis
1489 1086 1620 1135 instar
1639 1126 1650 1144 ‚
1690 1104 1970 1154 propagatur

1119 1147 1174 1194 sic
1186 1153 1226 1195 in
1240 1152 1403 1211 instanti
1423 1184 1440 1209 ‚
1475 1165 1527 1200 ut
1549 1153 1605 1200 ad
1627 1157 1871 1204 minimum
1893 1155 1967 1204 sex

1118 1214 1352 1263 milliones
1366 1213 1491 1278 supra
1504 1217 1697 1268 ducenta
1710 1217 1969 1285 septuagin-

1118 1290 1165 1324 ta
1187 1275 1296 1326 o&o
1327 1283 1591 1330 milliarium
1611 1288 1755 1333 millia
1776 1289 1964 1334 emetia-

1118 1354 1205 1390 tur.
1245 1348 1471 1407 Substantia
1485 1347 1564 1405 est,
1586 1348 1966 1412 quaeinfinitisef-

1114 1407 1366 1471 fluviis,per
1381 1409 1551 1475 septem
1564 1412 1852 1477 &sexaginta
1865 1419 1962 1479 jam

1116 1470 1290 1530 saecula,
1326 1478 1552 1525 Phoebum
1566 1480 1754 1531 minime
1770 1485 1961 1542 minuit,

1113 1537 1191 1584 ets1
1219 1538 1377 1588 diebus
1400 1542 1582 1605 singulis
1604 1582 1615 1600 ,
1653 1550 1962 1608 quantitatem

1084 1614 1087 1615 ’
1112 1606 1365 1662 emitteret,
1391 1609 1534 1670 globo
1550 1621 1790 1675 tetraqueo
1809 1629 1959 1676 aequa-

1110 1669 1218 1714 lem.
1288 1674 1515 1733 Substantia
1554 1673 1619 1721 est
1641 1713 1654 1732 ,
1707 1694 1806 1741 quse
1838 1681 1957 1725 occi-

1107 1732 1248 1780 dente
1268 1737 1443 1783 Phoebo
1465 1776 1476 1794 ,
1517 1742 1591 1787 vel
1615 1756 1855 1790 momento
1877 1744 1958 1790 de-

1108 1795 1390 1848 struiturline
1401 1801 1542 1860 causa,
1564 1807 1637 1852 vel
1650 1808 1772 1865 ,latet
1792 1811 1838 1855 in
1858 1809 1956 1856 dia-

1107 1864 1259 1924 phano
1274 1871 1373 1912 aere
1395 1905 1405 1923 ,
1442 1872 1550 1930 quin
1576 1871 1796 1920 videatur.
1863 1875 1906 1922 T
1909 1891 1957 1922 a·

1107 1934 1203 1984 ceo,
1223 1929 1353 1991 quod
1369 1934 1412 1978 in
1432 1933 1745 1985 decuffationis
1760 1940 1955 1987 minimo

1108 1993 1280 2055 puncto
1298 2033 1310 2052 ,
1347 1995 1511 2044 infiniti
1529 2002 1735 2062 igniculi,
1759 2007 1955 2052 omniex

1106 2057 1419 2123 hemisphaerio
1433 2065 1687 2123 confluant,
1713 2071 1824 2131 quin
1843 2085 1954 2117 con-

1107 2124 1359 2172 fundantur
1375 2165 1387 2184 ,
1423 2124 1508 2174 sese
1526 2133 1708 2188 uniant,
1738 2135 1850 2196 quin
1874 2151 1954 2197 pe·-

1105 2192 1363 2247 netrentur,
1395 2192 1812 2259 ulteriiispergant‚
1839 2202 1951 2262 quin

1103 2256 1404 2304 retardentur.
1455 2260 1577 2307 Sileo
1591 2264 1848 2313 innumeras
1864 2280 1950 2327 po-

1103 2334 1260 2367 torum
1278 2318 1411 2375 series>
1424 2325 1532 2373 citra
1549 2326 1830 2376 obstaculum
1843 2368 1854 2385 ‚
1877 2345 1949 2377 re-

1103 2381 1316 2434 &iffimas
1334 2387 1704 2450 corpusculorum
1725 2396 1863 2442 lineas
1884 2396 1946 2441 ci·
1999 2401 2004 2406 '

1102 2461 1170 2497 tra
1194 2452 1590 2516 impedimentum.
1693 2462 1800 2507 Non
1818 2475 1945 2507 com-

1101 2531 1312 2564 memoro
1333 2556 1345 2574 ,
1383 2520 1601 2568 visionem
1622 2524 1684 2570 nil
1710 2525 1832 2580 fore,
1867 2525 1947 2573 nifi

1102 2582 1417 2630 titillationem
1436 2585 1744 2647 merissimam,
1767 2588 1947 2653 aliaque

1101 2648 1360 2708 innumera,
1397 2667 1494 2714 quae
1505 2653 1744 2715 Grignaldo
1763 2656 1945 2719 Judice,
1982 2657 1983 2660 ’

1158 2715 1201 2762 L
1378 2725 1380 2731 ’
1793 2725 1943 2769 ‘viden-
