2294 2933
298 90 367 150 46

300 213 383 257 vix
406 206 495 258 sera
511 220 617 258 aetas
638 208 872 262 oblitteret
895 216 912 261 Ρ
961 213 1144 278 adeo‘que

288 278 439 339 srrvet
465 275 636 324 odorem
654 282 753 336 tella
772 280 877 328 diu?
915 277 1081 328 scilicet
1099 281 1144 327 in

293 342 486 391 homine
498 355 661 391 emotze
672 347 853 400 mentis,
874 343 973 392 sunt
983 341 1144 393 cunita

293 408 342 454 in
355 422 505 466 motu,
531 411 668 456 etiam
678 406 871 471 spiritus,
893 408 1143 475 hinespeci-

289 487 424 520 crum
455 473 737 536 praepediunt
782 472 1136 538 impreffionem.

289 539 344 586 In
379 539 509 586 ebriis
530 576 542 594 ,
593 537 699 587 ficut
731 539 775 585 in
810 537 1137 593 somniantibus

288 600 1000 666 semisopitalanguetmemoria,
1034 610 1140 658 hinc

289 665 454 731 species
473 705 484 724 ,
520 669 587 715 uti
603 684 699 716 non
720 671 797 718 nifi
816 674 964 721 obiter
983 677 1140 739 impri-

287 746 479 781 muntur
498 771 509 790 ‚
546 736 611 783 ira
636 750 719 783 nec
734 737 812 786 nisi
840 739 1039 787 evanidae
1059 757 1139 790 ex-

285 801 564 864 primuntur.
585 801 688 849 Alia
701 805 846 850 amori
857 803 921 852 est
935 805 1111 855 indoles
1127 824 1136 852 ε

285 880 383 913 non
402 862 714 928 perfun&orie
740 870 775 915 is
797 865 901 917 suos
922 887 1101 920 amores
1124 889 1136 920 z

286 927 362 979 sed
380 931 485 993 quia
506 934 555 980 &
574 931 860 996 frequentius
881 934 938 982 de
956 938 1046 985 illis
1066 940 1139 985 lo-

285 997 466 1061 quitur,
504 997 790 1048 &attentius
808 1003 997 1065 cogitat,
1025 1004 1139 1066 quid

279 1063 474 1110 mirum?
487 1061 515 1110 si
527 1063 746 1112 inculcata
757 1068 896 1114 toties
909 1067 1033 1116 idola
1043 1086 1138 1116 non

283 1126 364 1175 nili
375 1124 464 1174 sera
476 1126 627 1176 delere
637 1127 775 1192 possit
787 1133 979 1181 oblivio.
1046 1137 1138 1182 Ex-

282 1206 413 1255 perta
426 1193 667 1244 hocMater
680 1197 757 1244 illa
771 1199 1031 1261 Seraphim,
1059 1216 1139 1248 cu—

280 1258 356 1322 jus
391 1257 643 1371 postquam
677 1263 876 1312 Divinus
909 1281 1038 1313 amor
1060 1282 1138 1314 cor

279 1324 383 1387 jacu
407 1341 436 1371 o
456 1324 684 1374 transfixit
700 1365 714 1384 ‚
752 1345 845 1375 non
868 1333 1023 1394 potuit
1041 1348 1135 1380 non

281 1387 370 1437 effe
394 1405 574 1437 memor
598 1389 661 1439 sui
693 1392 867 1446 Dilersti
885 1434 898 1453 ‚
950 1396 1134 1461 singulis

282 1457 425 1504 etiam
437 1458 541 1503 vitae
553 1454 635 1504 suae
646 1463 897 1509 momentis
916 1479 925 1507 :
947 1462 993 1508 id
1006 1462 1134 1526 quod

282 1523 466 1587 propria
485 1538 623 1570 manu
644 1522 859 1574 testatum
887 1528 1005 1577 Orbi
1030 1530 1134 1575 reli-

282 1589 429 1650 quit„
468 1591 708 1652 Denique,
741 1590 1136 1657 qubdaetatepro-

283 1649 406 1701 veffl
423 1653 602 1705 facilius
624 1657 668 1703 in
681 1673 843 1705 eorum
861 1662 1136 1709 memoriam

280 1718 588 1782 redeant‚quae
605 1724 1134 1787 percepere,utJuvciies‚

282 1782 425 1852 quam
447 1801 547 1847 quae
565 1784 739 1835 discunt
764 1826 778 1845 ‚
815 1788 868 1837 ut
888 1788 1011 1839 senes
1039 1829 1050 1847 ,
1089 1793 1135 1838 in

281 1847 411 1900 causa
439 1848 503 1898 est
531 1888 543 1911 ,
596 1849 912 1915 superveniens
951 1857 1134 1904 cerebro

279 1930 388 1962 cum
407 1928 536 1963 aetate
547 1915 737 1967 durities
757 1957 769 1978 ‚
806 1920 896 1970 haec
921 1924 1042 1970 enim
1056 1938 1134 1970 an-

282 1982 433 2044 tiquas
453 1979 615 2044 species
643 1984 918 2046 pertinacius
951 1991 1133 2047 retinet,

278 2061 340 2092 ne
358 2047 607 2105 elabantur,
626 2063 828 2100 recentes
848 2053 1056 2119 impedit,
1074 2070 1133 2101 ne

279 2111 618 2175 imprimantur.

383 2241 583 2292 LEUC:
622 2245 715 2291 Vix
745 2242 958 2309 superesse
989 2248 1134 2296 videri

285 2304 431 2371 poffet
451 2346 464 2366 ‚
492 2308 582 2355 s1ve
603 2310 716 2356 mihi
742 2347 755 2365 ,
791 2312 920 2374 quod
938 2312 1103 2362 discam
1120 2352 1132 2371 ‚

283 2373 376 2421 sive
388 2375 490 2430 tibi,
512 2373 639 2436 quod
650 2374 708 2423 de
719 2379 937 2424 memoria
951 2378 1131 2430 doceas,

285 2444 427 2489 MEL.
489 2442 563 2486 Ne
576 2452 625 2489 tu
643 2453 857 2503 tyronem
880 2455 925 2488 te
942 2447 1106 2507 probas
1120 2483 1132 2503 ‚

286 2502 345 2550 de
364 2519 461 2566 quo
477 2502 936 2569 vulgo-proverbium
959 2525 967 2554 :
1003 2516 1107 2571 [αεὶ

286 2584 354 2615 cus
368 2573 518 2616 omnia.
611 2573 698 2618 Vel
719 2571 746 2618 fi
767 2573 847 2619 tibi
866 2589 968 2620 cuin
979 2575 1134 2622 Plato·

287 2649 345 2684 ne
356 2635 483 2681 nulla
494 2633 550 2680 de
569 2651 695 2682 novo
708 2639 914 2693 Scientia,
957 2636 1029 2686 sed
1043 2642 1134 2687 Sci-

285 2700 417 2747 entiae
433 2715 556 2748 nova
566 2712 746 2751 tantum
757 2706 995 2764 memoria,
1021 2702 1134 2754 edis-

947 91 1128 146 Hamma
1151 88 1403 150 Promethei,

1201 209 1315 270 sere,
1350 229 1429 263 cur
1445 211 1501 263 ad
1524 212 2044 279 voluntatisimperium

1196 294 1318 326 nunc
1359 293 1583 345 promptae
1628 283 1860 346 prosiliant
1897 282 2007 332 ideae
2027 322 2045 343 ,

1196 360 1318 392 nune
1329 345 1500 395 tardius
1513 346 1818 413 obsequantur
1834 350 1850 396 ?
1885 365 1964 398 cur
1973 347 2044 398 so-

1196 408 1297 459 lum
1310 413 1354 459 in
1363 427 1528 477 genere
1538 450 1550 470 ,
1586 411 1695 477 saepe
1704 416 1830 463 nulla
1842 415 1887 461 in
1899 412 2044 479 specie

1193 472 1358 540 species
1371 479 1387 525 ?
1419 493 1598 525 curnon
1609 495 1846 544 nunquam
1854 479 2042 545 penitus

1194 542 1439 606 imperium
1449 541 1703 592 dermetent
1721 547 1912 595 rebelles
1925 585 1936 604 ‚
1964 549 2040 596 vel

1195 604 1334 673 longe
1345 610 1440 657 aliae
1456 647 1469 665 ‚
1490 608 1628 673 quam
1639 612 1856 668 citentur,
1889 629 2046 660 erum«

1193 677 1331 738 pant?
1350 673 1457 724 cum
1470 687 1624 723 tamen
1636 675 1691 722 ad
1702 682 1902 738 primum
1914 695 2043 727 men-

1196 741 1256 788 tis
1268 742 1670 805 Angelicaenutum
1689 738 1954 805 obsequiosa
1972 762 2045 792 ce-

1194 807 1375 854 leritate
1390 822 1503 854 mox
1525 806 1760 863 advolent,
1782 805 2048 874 junfflsque

1195 872 1343 920 veluti
1362 874 1550 920 vocibus
1571 874 1859 922 conclament
1882 889 1892 920 t
1926 877 2049 929 adsu-

1194 940 1316 985 mus?
1346 953 1426 984 cur
1448 953 1543 984 non
1578 938 1718 986 iidem
1747 940 1797 987 &
1827 941 2046 1003 ingenioli

1194 1003 1246 1052 &
1269 1002 1386 1050 bene
1422 1017 1652 1052 memores
1679 1041 1692 1060 ,
1734 1000 1808 1050 sed
1831 1002 1940 1068 saepe
1963 1009 2047 1069 qui

1195 1070 1433 1115 tenacioris
1445 1070 1677 1116 memoriae
1694 1106 1706 1125 ‚
1746 1069 1900 1119 minus
1911 1073 2045 1119 celeri

1195 1135 1246 1183 &
1264 1147 1398 1181 acuto
1418 1135 1603 1198 ingenio
1622 1135 1829 1197 polleant
1849 1138 1864 1183 ἓ
1901 1153 1978 1184 cur
1997 1138 2056 1186 in-

1192 1200 1427 1247 nonnullis
1460 1200 1787 1262 imaginatione
1819 1201 1921 1249 laesa
1948 1219 2043 1250 non

1192 1264 1380 1312 laedatur
1396 1266 1635 1320 memoria,
1655 1263 1931 1315 &viciffim
1965 1284 2044 1315 cur

1191 1329 1391 1393 denique
1426 1328 1602 1378 infinita
1627 1327 1770 1395 prope
1790 1329 2041 1395 spe&acula

1191 1397 1282 1443 haec
1292 1397 1424 1443 nobis
1435 1397 1647 1444 exhibeat
1658 1397 1850 1445 facultas
1872 1436 1885 1454 ,
1921 1415 2041 1461 quo-

1190 1477 1295 1509 rum
1312 1474 1467 1509 tamen
1501 1463 1722 1526 imagines
1757 1461 2042 1528 suppeditare

1189 1525 1329 1574 nostri
1356 1524 1501 1575 sensus
1521 1544 1617 1575 non
1639 1530 1887 1591 poterant?
1943 1532 2042 1592 Eja.

1189 1592 1428 1656 Oedipum
1442 1610 1524 1657 age
1539 1632 1551 1650 ,
1586 1596 1637 1644 &
1655 1593 1921 1657 epomidem
1931 1611 2041 1643 con-

1187 1657 1418 1706 cedemus.
1521 1660 1609 1708 Sed
1626 1661 1844 1707 humeros
1857 1674 2039 1708 contra·

1188 1720 1495 1787 his,omisque
1507 1721 1710 1772 solvendi
1722 1727 1866 1787 rejicis
1878 1727 1922 1772 in
1931 1742 2042 1789 pro-

1190 1791 1391 1836 bantem.
1459 1792 1527 1836 En
1563 1793 1703 1853 igitur
1719 1793 1873 1853 paucis
1894 1808 1903 1837 :
1935 1793 2039 1839 Nos

1189 1856 1306 1902 intcr
1337 1858 1386 1904 δί
1405 1856 1608 1917 Angelos
1635 1871 1856 1919 magnum
1876 1856 2041 1919 utique

1189 1917 1453 1971 discriminis
1465 1923 1602 1968 chaos
1617 1938 1626 1966 :
1654 1923 1847 1969 Illorum
1859 1937 2041 1969 memo-

1188 1987 1252 2033 ria
1262 1985 1317 2033 ad
1333 1987 1568 2035 arbitrium
1586 2003 1826 2051 nunquam
1848 2003 1941 2034 non
1959 2002 2040 2034 ex-

1187 2051 1361 2114 pedita:
1401 2050 1575 2109 nostra,
1615 2053 1836 2115 quamdiu
1849 2052 2041 2115 quidem

1187 2119 1271 2164 hac
1282 2116 1387 2164 aura
1399 2115 1902 2172 fruimur‚indiffolubili
1916 2133 2040 2164 nexu

1188 2179 1490 2245 phantasmati
1503 2183 1736 2245 alligatur:
1755 2185 1804 2231 &
1814 2177 1920 2230 licet
1932 2183 2039 2230 huic

1188 2251 1234 2295 in
1251 2248 1474 2295 cerebello
1488 2249 1683 2294 tentoria
1695 2245 1824 2310 figas,
1857 2246 2039 2310 spiritus

1190 2326 1343 2361 tamen
1364 2309 1688 2374 phantasmatis
1707 2315 1757 2362 &
1778 2310 1885 2376 saepe
1908 2314 2038 2375 baju-

1189 2380 1222 2426 li
1242 2416 1254 2434 ‚
1289 2377 1522 2440 &semper
1541 2375 1687 2425 solent
1698 2375 1784 2425 effe
1810 2392 2038 2426 motores.

1190 2446 1308 2491 Hinc
1319 2443 1348 2491 si
1359 2445 1403 2490 in
1417 2444 1648 2490 cerebrum
1659 2456 1922 2505 penetrent,
1953 2460 2040 2507 pu·

1189 2511 1296 2556 riori
1314 2505 1491 2555 excocti
1511 2505 1737 2571 sanguine,
1765 2525 1857 2556 non
1869 2508 1946 2556 nifi
1965 2510 2038 2556 lu-

1189 2573 1331 2620 dicra:
1365 2574 1395 2621 si
1406 2575 1737 2621 melancholico
1754 2577 1848 2622 nati
1868 2576 2039 2621 humo-

1189 2655 1264 2694 re,
1300 2655 1394 2685 non
1417 2637 1495 2686 nisi
1522 2642 1701 2695 tetrica,
1750 2642 1823 2687 vel
1850 2641 1998 2686 invito
2022 2675 2038 2695 ‚

1189 2701 1503 2769 phantasmate
1512 2704 1777 2756 obtrudcnt.
1841 2706 1887 2755 Si
1908 2705 1955 2816 ig
1964 2719 2038 2750 ce-

1878 2785 1926 2818 re
1957 2782 2037 2828 ro,
