2294 2933
868 113 1094 183 Diphthera
1127 93 1273 186 Joois.

246 239 362 284 bum
379 230 578 298 apposite
590 236 859 282 vaticinatus
869 234 952 283 effe
967 238 1093 285 vide-

253 302 351 349 tur?
388 302 522 362 quid,
569 302 780 362 inquam,
836 301 926 348 haze
965 318 1092 359 cura,

250 363 529 429 plaususque
547 363 801 427 designant,
840 365 917 412 nisi
937 365 1094 414 Astro-

247 431 657 493 logicamHydram
678 428 925 475 identidem
941 434 1094 494 repul-

251 496 473 544 luiantem
487 490 700 556 adeoque
713 495 846 540 armis
867 495 921 540 ad
941 498 1096 543 Philo-

249 557 414 622 sop'hiae
428 574 579 608 cotem
595 555 778 607 affriffis
793 596 804 613 ‚
843 558 1095 608 identidem

242 626 574 687 jugulandam?
626 627 786 672 MEL.
829 620 972 670 Redi&
1009 628 1093 671 ob-

246 687 416 736 servas:
457 689 544 738 Sed
564 690 676 735 alios
699 702 786 747 ego
806 687 852 731 in
882 690 1091 751 Peripato

243 753 515 818 Astrologos
556 755 723 800 horreo
740 787 752 806 ‚
797 752 876 812 qui
921 769 1087 816 nempe

242 818 436 866 siderum
447 819 540 866 fata
559 854 570 873 ,
604 813 814 863 doctrina
825 820 1085 878 reprobant,

245 882 317 930 sed
339 883 450 939 vita,
484 885 535 932 &
551 881 758 929 moribus
773 882 967 942 probant
986 887 1086 931 Phi-

241 949 389 1011 iefiphi
410 951 594 995 imbelles.
663 949 747 992 Fac
787 948 908 994 enim
939 961 1087 995 tenta-⁴

240 1025 308 1059 tio
325 1013 528 1075 ingruat,
552 1025 729 1074 premat
748 1005 958 1068 afflietio,
981 1028 1114 1075 perf-.--

239 1074 411 1125 secutio
433 1076 590 1132 instet,
623 1076 843 1123 valetudo
865 1089 1081 1136 tentetur,

239 1142 477 1191 elabantur
498 1143 718 1198 for-turne,
764 1141 917 1191 honor
939 1143 995 1191 ad
1026 1159 1082 1189 ae-

233 1208 387 1254 mulos
432 1208 602 1270 fugiat,
650 1209 700 1255 &
738 1205 873 1254 Ecce!
936 1209 1081 1270 Cassan

233 1287 349 1318 mox
390 1273 724 1328 lamentantur,
761 1278 983 1320 Fortunam
1012 1276 1080 1321 in-

229 1350 441 1398 crepa-nt,
493 1338 665 1398 infausto
689 1339 824 1397 fidere
867 1335 909 1384 se
944 1343 1077 1386 natos

229 1403 429 1465 ejulant,'
444 1402 734 1464 indignantur
744 1405 900 1463 Astris,
932 1409 1077 1451 Fatum

230 1479 498 1513 execrantur
546 1467 676 1513 velut
704 1466 945 1528 injustum,
990 1483 1078 1531 prae

230 1547 433 1578 moerore
440 1528 607 1594 dejecti
620 1568 633 1587 ‚
652 1546 740 1593 prae
752 1532 910 1579 furore
920 1548 1075 1580 amen-

229 1608 325 1655 tes;
360 1594 645 1658 Philosophi,
694 1597 768 1643 vel
808 1596 838 1644 si
881 1600 1030 1645 mavis
1059 1635 1072 1655 ,

226 1663 459 1724 Astrofhphi
509 1664 692 1708 imbelles.
802 1664 924 1710 Ruat
955 1665 1075 1711 Peri-

224 1739 384 1789 patus,
420 1726 451 1784 si
470 1725 644 1773 cariosis
664 1724 781 1773 adeo
801 1728 1072 1775 fundamen-

224 1793 282 1838 tis
314 1798 488 1838 'nutat-t
525 1804 680 1852 pereat
696 1788 1009 1854 Philosophia,
1040 1792 1070 1839 si

221 1858 463 1919 primaevos
487 1852 683 1902 dedocta
704 1853 884 1918 spiritus
899 1895 911 1914 ‚
934 1857 1069 1904 docet

219 1937 324 1968 cum
336 1923 532 1969 fortibus
549 1918 721 1977 sentire,
752 1936 855 1968 cum
869 1923 1068 1971 imbelli->

218 1988 303 2034 bus
337 1989 508 2033 vivere.

282 2053 463 2100 LEUC.
504 2051 625 2118 Qis
651 2048 763 2112 ergo
788 2061 869 2096 tuo
890 2051 934 2097 in
953 2053 1066 2099 Coe-

218 2117 268 2162 30
290 2116 729 2177 Jiipiter?·q··.1aetibi
754 2112 1064 2176 philosophica

218 2183 499 2242 Diphfhera,
536 2195 587 2226 ut
617 2177 917 2241 Astrosophiae
937 2180 1062 2227 Prin-

212 2248 326 2307 cipia
340 2257 516 2293 evertas
536 2246 551 2290 ?
581 2247 752 2307 Age‚in
771 2246 851 2291 hac
870 2260 1061 2308 quoque

214 2309 470 2360 scholastica
498 2311 579 2357 lite
608 2311 834 2357 Achillem
871 2327 1057 2371 prome,

214 2379 343 2438 cujus
363 2373 581 2437 exemplo
602 2376 844 2423 roboratus
854 2372 1059 2422 Philoso-

212 2443 356 2505 phus,
394 2438 947 2502 confundamiugatorum
974 2442 1058 2486 im-

210 2507 380 2554 bellem
434 2505 628 2552 turbam.
714 2512 875 2554 MEL.
940 2505 1060 2552 Vide

1902 130 1998 180 249

1150 252 1250 286 tum
1262 240 1307 284 in
1319 237 1530 299 Peripato
1539 238 1672 285 Sidus
1683 276 1696 294 ,
1733 239 1788 286 ad
1800 239 1926 301 cujus
1938 239 1997 286 it-

1150 302 1309 351 lustres
1341 300 1517 358 radios,
1576 303 1750 350 Graeciae
1781 304 1954 350 lumina
1976 341 1990 359 ,

1150 369 1279 415 velut
1303 368 1480 414 minora
1507 366 1661 416 Sidera
1683 364 1990 414 obscurantur.

1149 435 1293 494 Supra
1318 433 1555 493 vulgarem
1584 430 1768 479 maffam
1809 430 1994 478 illustris

1152 495 1350 560 sanguis,
1390 500 1517 560 [upra
1534 497 1831 551 Etuditorum
1858 493 1998 557 sphae-

1150 578 1246 608 ram
1259 559 1544 623 Philosophia
1560 599 1572 618 ‚
1612 559 1738 624 supra
1752 558 1879 609 Astra
1903 564 1996 605 vir-

1151 639 1222 673 tus
1239 662 1251 681 ‚
1283 621 1410 686 supra
1432 628 1598 674 Coelos
1626 626 1839 688 Martyrii
1865 625 1995 670 Lau-

1146 706 1220 737 rea
1232 705 1336 735 eum
1351 692 1576 738 extulerat
1593 708 1601 736 :
1618 705 1709 738 tam
1724 686 1995 738 felicemsua

1140 756 1276 802 illum
1307 756 1547 802 infelicitas
1578 753 1715 802 fecit!
1752 770 1857 802 nam
1882 752 1991 802 cum

1142 814 1314 867 Consul
1338 821 1579 867 Romanus
1597 819 1810 881 justitias,
1842 818 1989 881 utpar

1136 880 1513 940 ests‘consuluit,
1546 883 1988 946 ablnjustitiaeMini-

1140 944 1510 1004 strisaccusatur,
1551 948 1575 995 a
1602 949 1895 997 Theodorico
1917 949 1987 995 in-

1137 1011 1260 1075 justo
1289 1013 1788 1074 Judicecondemnatur
1808 1012 1863 1060 ad
1891 1028 1986 1059 car-

1139 1093 1276 1125 ceres.
1346 1075 1433 1124 Hic
1460 1077 1650 1124 demum
1680 1080 1756 1127 ille
1783 1078 1983 1126 fortunis

1138 1142 1352 1190 omi-ribus
1379 1153 1543 1190 exutus
1564 1180 1577 1198 ,
1634 1145 1679 1189 in
1725 1145 1986 1206 ignominiae

1137 1208 1362 1262 Theatro‚
1410 1209 1615 1269 iniquam
1648 1205 1811 1254 sortem
1836 1221 1985 1255 atten-

1138 1271 1229 1320 tius
1244 1274 1560 1333 contemplari.
1624 1275 1734 1320 Non
1755 1273 1903 1320 defuit
1920 1278 1984 1321 A·

1134 1336 1377 1399 strologia,
1416 1336 1485 1384 sed
1514 1336 1589 1384 usa
1615 1350 1852 1400 tempore,
1914 1339 1983 1384 in-

1133 1400 1332 1450 faustum
1345 1404 1407 1449 illi
1420 1400 1722 1463 horoscopum
1747 1404 1807 1450 ob
1817 1403 1981 1450 oculos

1132 1465 1306 1528 posuit:
1345 1483 1462 1514 nunc
1486 1468 1531 1513 in
1558 1464 1679 1515 sexta
1702 1467 1846 1514 domo
1870 1472 1978 1514 malae

1131 1538 1313 1579 Portmzae
1324 1542 1596 1593 conceptum
1617 1530 1804 1580 afferens
1819 1570 1831 1588 ‚
1859 1547 1979 1579 nunc

1132 1598 1178 1643 in
1198 1596 1470 1644 duodecima
1500 1611 1688 1653 natum,
1725 1597 1845 1644 unde
1865 1613 1976 1659 prae-

1131 1674 1199 1708 ter
1228 1663 1462 1718 inimicos,
1495 1664 1546 1711 &
1576 1678 1769 1710 carceres
1793 1663 1856 1708 nil
1878 1660 1975 1724 spe-

1128 1726 1318 1772 randum
1336 1764 1348 1782 ‚
1387 1724 1458 1773 sed
1473 1728 1532 1773 ob
1554 1730 1717 1774 Fatum
1738 1728 1974 1775 inevitabi-

1126 1792 1169 1837 le
1189 1789 1531 1851 desperaudum.
1611 1798 1673 1840 At
1691 1794 1788 1839 aliis
1811 1794 1974 1840 Athle-

1126 1868 1219 1901 tam
1247 1852 1373 1901 suum
1393 1858 1621 1919 principiis
1654 1859 1798 1904 erexit
1817 1861 1972 1919 purior

1124 1918 1427 1982 Philosophia.
1489 1919 1972 1972 Imoficconsolataest

1125 1986 1332 2046 alloquio
1345 1986 1684 2047 propemodum
1697 1987 1856 2034 divino
1870 2025 1883 2043 ,
1917 2000 1969 2038 ut

1121 2050 1234 2096 illud
1243 2047 1314 2096 sua
1326 2049 1658 2098 manuPosteriss
1669 2068 1754 2098 con
1761 2049 1966 2113 sectaret3

1120 2112 1386 2176 opusculum
1408 2115 1466 2161 de
1485 2114 1800 2164 consolatione
1811 2118 1967 2165 Philo-

1120 2177 1282 2240 sophiae
1297 2181 1421 2229 omni
1440 2177 1595 2227 saeculo
1609 2178 1782 2228 summe
1796 2220 1807 2238 ,
1832 2184 1964 2231 nullo

1119 2241 1217 2291 satis
1256 2245 1633 2307 depraedicatum‚
1666 2245 1756 2310 ipsa
1788 2249 1963 2295 aetemi-

1116 2319 1208 2356 tate
1239 2306 1567 2372 dignissimum.

1213 2375 1423 2424 LEUC.
1463 2372 1721 2425 Thesaurus
1752 2373 1834 2422 iste
1882 2391 1961 2424 me

1113 2439 1235 2501 fugit
1272 2431 1513 2496 hactenus:
1554 2438 1744 2488 amabo!
1795 2456 1959 2499 unam,

1115 2506 1164 2552 ὃς
1206 2504 1392 2552 alteram
1419 2521 1651 2568 gemmam
1677 2522 1761 2568 pro
1788 2502 1959 2559 ¹solatio

211 2587 351 2633 quem
373 2571 456 2617 tibi
473 2570 707 2616 Atlantem
730 2571 942 2617 exhibeat
966 2571 1054 2618 hoc
1110 2565 1292 2629 spiritus
1320 2607 1333 2626 ‚
1382 2571 1479 2626 fac,
1539 2570 1738 2618 domum
1789 2572 1951 2619 feram.

210 2635 583 2683 emblem‘aticum
621 2631 828 2693 schema3
875 2639 1051 2684 Severi-
1106 2639 1267 2681 MEL.
1300 2636 1607 2691 Nonabnuo‚
1650 2636 1681 2683 fi
1706 2634 1852 2683 modo
1876 2652 1951 2682 me

210 2715 324 2751 num
352 2699 569 2756 Boetium
584 2700 748 2752 cernis:
777 2699 869 2768 pro
902 2715 1047 2766 quan·
1105 2687 1222 2744 {telis
1254 2697 1339 2749 effe
1358 2696 1645 2751 succinctum.

1741 2703 1811 2751 Sic
1835 2698 1949 2762 ergo

1163 2764 1184 2811 Ι
1198 2762 1217 2812 i
1791 2766 1947 2818 Philo-
