2294 2933
144 1425 152 1443 ὓ
221 1427 223 1429 ,
300 1375 619 1423 commodent.

219 1434 238 1465 ξ’
302 1441 608 1488 commodum
617 1437 920 1504 praebetaestas
938 1476 950 1495 ,
969 1451 1157 1502 propter

287 88 386 139 2213
919 85 1044 139 Artas
1075 77 1397 154 phuosopbfcicf·

282 194 471 255 fulinen
484 219 495 251 τ
510 201 673 254 seilicet
683 206 757 254 ‘vel
771 220 850 270 per
864 204 1145 268 antiperista-

283 269 357 319 ‹sm
369 307 382 327 ,
407 267 463 318 ut
473 271 517 318 in
527 272 647 319 calce
659 273 853 319 latentes
865 272 1144 332 colliguntur

295 336 483 399 igniculi
509 352 525 396 3
560 338 634 384 vel
646 338 926 399 pernubium
943 335 1146 382 attritio-

295 406 404 449 nem
423 438 435 456 ‚
468 398 523 450 iit
557 417 615 449 ex
632 401 822 449 silicibus
847 400 1075 447 excutitur
1107 401 1145 445 i*-

292 469 394 530 gnis
408 482 422 525 3
457 467 530 512 vel
541 470 620 527 per
630 464 780 511 radios
794 461 975 520 solares,
1000 464 1079 526 q'ui
1099 465 1145 511 in

293 533 488 579 nubibus
501 567 513 584 ‚
554 530 700 576 veluti
719 526 898 591 speculo
919 528 1143 583 caustico,

285 596 616 655 ⁴refringuntur⁸
719 596 883 642 Motus
917 610 1013 641 non
1039 591 1143 641 raro

288 657 466 706 ¹sursum
490 695 503 714 ‚
541 660 808 720 frequenter
832 659 991 706 accidit
1010 658 1146 705 deor-

295 722 409 779 sum,
435 725 940 788 conti-aignisnaturam
960 761 973 780 ‚
1009 727 1060 774 &
1079 725 1148 770 in-

295 788 477 836 dolem:
515 801 616 836 tum
643 786 775 852 quod
789 804 982 852 vapores
1002 826 1015 846 ,
1046 789 1150 852 qui-

283 882 286 884 *
300 856 383 902 bus
400 855 638 901 involutus
650 852 841 917 est'ignis
854 892 865 910 ‚
886 852 1041 916 suapte
1052 867 1152 901 ten-

298 919 410 966 dant
422 918 477 965 ad
487 933 818 979 centrum5tum
829 917 961 980 quod
974 923 1018 965 in
1034 931 1153 966 tem-

281 983 486 1048 ·pestatis
504 981 719 1032 consti-stu
742 983 934 1031 densatae
950 981 1153 1046 superius

280 1052 445 1097 'nubes
467 1086 479 1105 ,
514 1059 596 1096 'aut
615 1051 849 1097 confertus
874 1051 1021 1095 imber
1038 1086 1050 1104 ,
1096 1064 1155 1095 ex
1187 1062 1189 1065 ·

279 1125 284 1130 '
302 1119 405 1163 ae're
414 1112 810 1163 sublimioriruens
822 1151 836 1170 ,
857 1114 1054 1161 fulmina
1074 1111 1155 1161 de-

283 1177 458 1228 ‘orsum
479 1181 747 1244 praecipitet:
780 1192 858 1246 per
876 1183 970 1227 vias
997 1192 1156 1227 tamen

280 1255 441 1309 'ruunt
475 1251 673 1307 ancipites
704 1244 762 1302 Εὖ
798 1242 990 1309 obliquas·
1015 1281 1028 1300 ‚
1093 1241 1156 1291 eb

279 1309 437 1373 *quod
477 1312 591 1358 a‘eris
631 1309 938 1357 commotioni
967 1306 1157 1356 seseac-

720 1379 884 1434 ‘Tempus
907 1370 1069 1437 magis·
1085 1389 1158 1421 ac-

303 1507 506 1555 calorem
527 1522 536 1552 :
563 1507 668 1553 hinc
684 1504 925 1566 inScythia
941 1501 1054 1550 raro*
1065 1504 1159 1552 ful-

302 1574 448 1620 minat
461 1572 652 1634 Jupiter.
723 1568 811 1618 Sed
830 1570 1060 1618 &nimius
1086 1583 1158 1615 ca-

247 1655 251 1658 ·
305 1638 378 1686 lor
389 1638 462 1684 vel
474 1632 669 1700 dissipat,
686 1637 764 1682 vel
784 1632 1003 1681 extenuat
1014 1649 1159 1697 vapo-

306 1719 378 1750 res
400 1703 650 1751 fulmineos
673 1717 687 1749 ι
727 1700 829 1746 hinc
848 1698 902 1746 ad
930 1701 1159 1761 tropicum

285 1767 647 1825 ‘Cancrirariora
659 1763 759 1812 sunt
771 1765 991 1821 fulmina,
1015 1765 1084 1810 uti
1107 1766 1158 1813 &

282 1843 286 1846 ’
305 1833 354 1879 in
365 1829 558 1887 Brasilia4
586 1831 799 1895 quamvis
814 1831 1069 1892 inRegione
1077 1829 1160 1876 hac

282 1907 288 1911 '
307 1910 434 1945 tanta
450 1896 688 1958 fulgurum
699 1896 831 1958 copia
848 1892 1075 1949 coruscet,
1105 1907 1159 1941 ut

310 1959 646 2024 Solem-assequi
660 1999 672 2018 ‚
705 1954 977 2022 eversosque
988 1958 1161 2007 aPhae-

312 2040 444 2075 tonte
468 2042 621 2074 currus
645 2063 659 2082 ,
700 2038 827 2072 novo
851 2021 1161 2087 repraesentare

311 2088 568 2155 speShtculo
591 2129 602 2146 ,
635 2090 858 2138 videatur.
926 2090 1077 2153 Fulgur
1097 2087 1163 2136 est

312 2155 508 2211 subitus,
546 2157 594 2204 &
613 2155 832 2202 evanidus
853 2152 1062 2218 splendor
1082 2171 1163 2200 ex-

311 2221 561 2270 halationis
583 2217 799 2276 accensae4
828 2230 910 2266 nec
926 2219 951 2267 a
967 2221 1165 2268 fulmine

313 2284 533 2349 discrepat
543 2284 623 2333 nisi
643 2282 793 2332 forsan
804 2286 863 2331 ob
889 2287 1087 2333 materiae
1097 2301 1167 2332 ra-

312 2354 514 2401 ritatem.
589 2351 633 2399 Si
654 2348 807 2396 albido
823 2351 977 2398 colore
998 2351 1134 2397 micat
1151 2387 1165 2407 ,

252 2430 257 2434 ·
282 2426 296 2429 “’
317 2415 589 2465 abundantis
611 2429 738 2478 aquae
767 2411 893 2460 sume
915 2414 1130 2462 indicium
1150 2431 1164 2474 3

282 2492 285 2494 ’
314 2482 686 2546 praedominantis
707 2480 823 2542 ignis
846 2516 859 2534 ‚
889 2478 919 2526 si
936 2479 1059 2527 flavo
1083 2497 1096 2537 3
1136 2479 1166 2527 fi
1191 2477 1194 2480 ⁴

283 2555 296 2559 “
315 2547 597 2608 ferrugineo,
617 2541 1008 2607 peffimumomen
1020 2564 1046 2600 ,·
1059 2560 1165 2591 nam

319 2609 464 2660 adesse
487 2612 532 2658 in
556 2611 687 2672 copia
705 2608 872 2656 indicat
891 2609 1059 2656 halitus
1080 2611 1166 2655 mi-
1191 2625 1196 2632 ¹

317 2677 508 2742 nerales.
579 2680 779 2724 sonitum
804 2673 970 2735 Sophis
999 2671 1167 2722 estve·
1190 2692 1194 2695 ·

1197 205 1387 255 hemens
1409 203 1544 256 *nubis
1569 203 1730 255 collisae
1754 207 1907 272 fragor
1931 245 1944 264 ,
1982 203 2048 256 se·

1199 267 1451 334 quitur-que
1468 274 1654 336 fulmen
1667 286 1839 321 terrore
1856 270 2046 336 pedisse-

1199 351 1322 398 quo,
1357 337 1430 383 vel
1444 338 1573 400 quod
1582 335 1750 395 verius,
1763 340 1946 387 fulmini
1956 339 2046 386 hae-

1195 411 1269 447 ret
1287 401 1615 450 tumultuarius
1632 418 1788 451 comes
1814 402 1839 452 a
1872 404 2014 463 latere
2033 439 2048 459 ‚

1200 461 1435 528 seriusque
1455 467 1638 528 fulgure
1655 503 1669 522 ,
1705 484 1862 516 aurem
1879 470 2044 532 quatit,

1201 533 1309 593 quia
1327 528 1509 578 festinat
1528 528 1698 579 lentius
1719 538 1738 587 ‚'
1768 532 1909 595 gradu
1936 531 2050 596 scili-

1201 609 1272 643 cet
1283 593 1555 642 successivos
1604 595 1742 643 Unde
1752 597 1980 661 intelliges
1994 599 2049 644 il-

1201 660 1280 709 lud
1292 663 1466 710 Senecae
1489 699 1502 717 ‚
1534 675 1630 708 non
1641 662 1882 723 quibusvis
1903 662 1960 710 de
1971 663 2052 709 tri-

1204 728 1282 773 vio
1295 727 1431 789 lippis
1445 738 1609 773 notum
1630 727 1868 774 oraculum
1887 743 1898 773 :
1932 736 2049 775 nemo
2062 730 2108 779 L.
2120 703 2236 802 2.ι·.ςγἶ

1201 791 1358 855 fulmen
1393 795 1535 840 timuit
1567 827 1582 849 ‚
1646 793 1732 853 *nili*
1767 796 1838 857 qui
1872 793 2052 858 effugit.-

1206 871 1315 904 nam
1325 870 1647 919 quemcunque
1657 855 1779 912 ferit,
1816 852 1966 904 subito
1978 868 2058 918 pe-

1210 923 1290 968 rit:
1311 921 1360 968 ’ίῐ
1372 919 1619 976 advertisti,
1630 922 1724 982 jam
1736 920 1929 968 evasisti:
1952 922 2060 968 bru-

1212 1000 1257 1034 ta
1292 983 1394 1033 sunt
1433 987 1632 1033 fulmina
1660 1001 1760 1047 quae
1797 985 2060 1033 videntur-z

1211 1045 1438 1115 quodque
1449 1071 1461 1081 0
1472 1052 1621 1097 timeri
1656 1048 1772 1097 solet
1789 1051 2064 1113 plerumque

1211 1117 1388 1164 tonitru
1411 1153 1423 1172 ,
1459 1116 1529 1163 nil
1541 1115 1680 1162 habet
1694 1116 1883 1178 periculi
1907 1153 1920 1174 ,
1956 1116 2063 1178 plus

1212 1193 1412 1230 terroris.
1823 1216 1827 1219 ,

1223 1301 1226 1303 ,
1271 1247 1465 1293 LEUC:
1504 1240 1784 1308 Opportune
1803 1239 1875 1291 hic
1892 1243 1938 1289 in
1967 1255 2066 1289 me-

1212 1313 1410 1359 moriam
1430 1309 1567 1357 redeo
1588 1311 1776 1356 illorum
1800 1346 1812 1365 ‚
1848 1322 1948 1370 quae
1971 1312 2069 1355 Au-

1202 1377 1370 1424 'thores
1389 1374 1579 1437 quidam·
1598 1374 1656 1433 de
1674 1375 1869 1436 fulmine
1888 1409 1901 1428 ‚
1952 1374 2067 1418 mira

1213 1435 1358 1495 certe,
1392 1441 1420 1487 si
1450 1452 1542 1487 n'on
1562 1440 1792 1487 miracula.
1889 1438 2068 1485 Plutar-

1213 1506 1300 1554 cho
1319 1502 1481 1553 fifides
1507 1541 1519 1562 ‚
1575 1507 1735 1553 Romae
1768 1502 1979 1549 excubias
2020 1516 2070 1548 a-
2123 1538 2159 1544 ..

1213 1573 1338 1635 genti
1376 1571 1513 1617 militi
1550 1569 1728 1617 fulmen
1755 1568 1952 1629 liquavit
1987 1581 2067 1612 au-

1213 1652 1332 1693 rum,
1344 1631 1671 1697 liquatumque
1683 1630 1937 1694 absumpsit,
1956 1632 2065 1677 illae-

1215 1699 1261 1749 so
1271 1699 1449 1764 prorsus
1464 1697 1714 1761 marsupio:
1734 1698 1862 1744 alteri
1876 1697 2064 1758 Stagiri-

1215 1766 1260 1813 τὲ.
1272 1764 1399 1821 teste,
1411 1780 1587 1812 aeneum
1597 1765 1812 1825 'clypeum
1823 1761 1876 1809 sic
1886 1762 1971 1808 abii
1977 1774 2063 1823 gu-

1214 1829 1290 1879 riit
1307 1868 1319 1887 ‚
1354 1843 1407 1877 ut
1421 1826 1645 1877 intaetum
1664 1839 1868 1875 maneret
1878 1822 2064 1889 penitus

1214 1897 1521 1944 involucrum.
1569 1918 1571 1920 ·
1616 1890 1720 1940 Imo
1744 1930 1757 1948 ,
1789 1890 1874 1953 nisi
1893 1891 2034 1954 fallat*
2049 1925 2065 1945 ,

1216 1971 1294 2009 aut
1315 1961 1502 2008 fallatur
1523 1961 1769 2017 Muretus,
1800 1956 1856 2003 sic
1873 1970 1967 2004 non
1984 1967 2065 2000 ne-

1217 2028 1328 2073 mini
1339 2023 1546 2088 gladium
1556 2019 1839 2085 colliquescit
1861 2058 1874 2078 ‚
1907 2030 1962 2066 ut
1985 2028 2065 2065 co-

1190 2109 1196 2120 -’
1218 2092 1423 2155 agularet
1435 2091 1477 2135 in
1489 2089 1749 2151 globulum,
1766 2083 1929 2149 vagini
1937 2099 2068 2146 pror-

1210 2155 1288 2204 sus
1301 2153 1535 2202 inviolata.
1568 2156 1707 2208 Sunt,
1743 2147 2069 2213 qui-offacom-

1213 2223 1398 2279 minuta
1416 2215 1637 2265 testentur
1661 2247 1682 2273 ,›
1723 2227 1854 2262 carne
1884 2209 2070 2276 penitus

1221 2285 1454 2334 indemni:
1489 2280 1589 2331 sunt
1613 2319 1626 2338 ,
1660 2281 1736 2343 qui
1750 2278 1976 2326 medullas
2002 2292 2073 2324 ar·-

1220 2353 1386 2398 borum
1399 2350 1443 2395 in
1454 2350 1623 2395 cineres
1634 2341 1838 2392 reda&as
1860 2341 2071 2398 scribunt,

1209 2415 1387 2464 'cortice
1409 2428 1504 2460 non
1523 2412 1695 2474 signato
1715 2425 1724 2456 ς
1774 2410 1887 2473 quin
1910 2396 2073 2457 &'foe-

1222 2493 1329 2528 tum
1346 2476 1498 2526 subito
1527 2478 1856 2537 interemptum
1868 2511 1881 2529 ,
1921 2471 2042 2521 salvi
2057 2506 2073 2526 ‚

1223 2548 1271 2594 δι
1285 2543 1502 2595 incolumi
1521 2545 1712 2589 Parente
1732 2536 1978 2586 affirmant.
2014 2537 2074 2584 Et

1223 2609 1334 2672 quid
1351 2604 1613 2669 Philosophi
1631 2604 1688 2652 ad
1716 2604 1948 2667 paradoxa
1981 2601 2073 2672 haec

1219 2673 1402 2737 Phyfica
1422 2688 1433 2719 :
1468 2679 1618 2722 MAEL:
1649 2668 2072 2741 Admiranda-pogi-

2008 2741 2066 2778 118
