2294 2933
333 84 421 136 152

326 193 377 239 in
398 192 481 240 ino
494 193 797 255 contempler.
835 198 1026 241 ’AdEL-
1063 194 1173 239 Mo·

329 273 459 314 mus,
497 260 666 307 infame
689 263 872 307 Nomen
893 295 904 313 ,
947 258 1054 318 quia
1079 271 1171 301 non

325 322 406 370 nisi
438 325 490 371 ab
523 325 805 387 impudentia
841 322 987 368 canini
1022 319 1171 367 dentis

325 387 517 438 Posteris
544 391 781 451 cognitum
808 424 820 442 ‚
852 385 955 449 post
978 386 1172 434 Creatu-

324 470 393 500 ras
425 456 472 503 &
501 453 643 516 ipsum
676 453 838 498 rodere
872 453 1167 506 Creatorem,

322 535 402 581 per
420 520 667 565 inauditam
687 518 966 578 proterviam
980 553 992 571 ,
1012 515 1168 564 Theo-

320 586 429 630 nino
466 585 603 630 dente
635 582 699 629 est
733 578 956 645 aggressus
990 597 999 626 :
1059 595 1166 628 nam

316 647 464 694 dicere
479 647 606 696 ausus
622 647 685 696 est
698 685 710 704 ‚
745 649 943 694 oblitum
962 648 1164 701 Numen,

317 725 373 759 ne
395 713 600 760 humano
619 713 743 760 cordi
763 710 1006 760 fenelbam
1022 726 1164 773 appo-

315 790 459 835 neret,
473 795 567 842 quo
581 779 723 826 veluti
739 775 936 840 speculo,
953 775 1069 824 sensa
1080 779 1164 822 iio—

314 843 449 890 minis
490 846 667 892 homini
692 855 914 907 paterent.
1003 841 1161 903 Crysm

314 907 463 956 hercle
482 908 759 973 ingeniosam
782 906 792 955 !
840 920 995 954 contra
1021 921 1161 969 quam

314 975 386 1020 vel
400 973 506 1021 ideo
524 978 699 1023 Natura
710 975 952 1034 exciperet,
974 987 1030 1018 ne
1041 969 1158 1019 sensa

310 1038 499 1086 monstri
518 1041 848 1104 liujuszexotica
870 1035 1158 1100 introspicere

308 1118 564 1168 cogeretur.
631 1106 718 1154 Sed
736 1114 901 1166 nempe
923 1105 968 1148 in
981 1105 1157 1149 bonum

307 1168 509 1218 hominis
527 1209 540 1229 ‚
559 1173 650 1232 haec
663 1169 755 1218 sola
772 1168 908 1218 solius
923 1170 1026 1215 DEI
1045 1183 1156 1230 prae-

307 1238 514 1297 rogativa
535 1275 546 1294 ,
595 1234 702 1299 quad
733 1243 945 1284 Scrutator
962 1236 1022 1295 fit
1055 1241 1154 1281 Cor-

307 1304 415 1363 dium
441 1320 453 1361 ,ζ
487 1315 644 1363 praeter
656 1302 774 1362 hunc
787 1301 968 1362 nullum
986 1299 1154 1346 admit-

307 1367 363 1417 tit
384 1361 601 1422 arbitrum
613 1363 692 1416 coi‘
710 1369 976 1414 humanum,
990 1381 998 1409 :
1014 1363 1062 1426 ᾗ.
1087 1377 1152 1412 ta-

293 1420 411 1479 -nien
430 1431 698 1481 'admitteret
719 1470 731 1489 ‚
786 1431 1150 1494 Phyliognomus

302 1497 378 1547 fibi
411 1500 579 1561 primas
623 1495 793 1546 merito
840 1497 1097 1543 vendicaret
1138 1510 1148 1540 :

301 1564 421 1611 hunc
451 1601 463 1620 ‚
502 1565 609 1628 quia
644 1578 910 1612 arcanorum
938 1563 1150 1609 omnium

302 1630 545 1686 arbitrum,
568 1627 737 1677 recusat
750 1634 948 1684 Natura,
973 1630 1149 1674 multo—

300 1693 597 1742 rumss-saltem*
612 1697 954 1758 exploratorem
982 1690 1148 1741 consti-

301 1759 831 1829 tuitPhilosophia.QJid
845 1758 1147 1819 multis31’hy-
1172 1795 1175 1797 -

299 1824 553 1888 siognomia
574 1825 638 1875 est
656 1828 733 1876 illa
751 1826 902 1876 Momi
924 1822 1116 1871 fenestra
1131 1861 1144 1880 ,

298 1894 371 1939 mi
395 1890 546 1940 verius
584 1889 820 1940 subscribas
842 1931 854 1949 ‚
886 1895 1049 1939 Occulta
1086 1894 1145 1936 nil

298 1962 421 2004 oculo.
492 1963 572 2007 Per
585 1958 722 2015 hane,
750 1958 859 2004 dum
883 1955 1044 2004 secreta
1058 1956 1142 2002 ob·

298 2018 463 2070 [curius
479 2027 698 2073 rimamur
710 2061 722 2079 ‚
758 2022 1000 2072 fenestram
1015 2032 1141 2085 parat

297 2082 529 2147 supremus
554 2088 704 2150 Judex
722 2126 734 2145 ‚
771 2105 870 2152 quae
886 2084 1142 2136 lucidiffimi

297 2152 351 2198 ad
366 2152 498 2200 instar
511 2151 614 2201 solis
631 2152 949 2209 manifestabit,
969 2155 1012 2205 in
1030 2166 1142 2200 nota

296 2219 442 2275 valle,
478 2217 872 2276 secretacordium‚
897 2217 1139 2271 &abscon-

295 2281 393 2330 dita
418 2285 719 2338 tenebrarum.
787 2284 1037 2335 Enimvero

295 2415 395 2458 Non
429 2410 535 2460 male*
575 2416 820 2475 Gnomistam
862 2421 1035 2461 Natura?
1069 2432 1138 2478 ego

540 2483 676 2526 dixero
698 2481 856 2540 mrst‘asn
883 2497 895 2529 5
1097 2487 1104 2492 ‘

293 2546 450 2611 Qppe
470 2575 485 2599 ‚
532 2550 635 2606 quod
652 2550 724 2592 haec
746 2550 849 2598 celat
863 2577 881 2602 ,
923 2551 1067 2591 ‘uelata
1103 2549 1137 2593 is

340 2605 343 2609 ”
525 2617 669 2665 ,ικιιέΐιι
698 2614 892 2661 revelat:

984 79 1131 125 Δίωνι-ἱ
1159 74 1361 137 Fehestra.

1260 197 1463 242 Proditis
1493 198 1675 246 humores
1701 230 1717 256 ,
1757 201 1900 262 prodet
1928 217 2037 250 mem
2056 199 2068 211 '

1479 263 1627 322 conscia
1657 281 1812 312 mores:

1253 326 1488 390 judicatis
1509 330 1672 385 frontes
1690 360 1708 387 ‚
1757 333 1963 378 damnabit
1987 342 2050 378 atx

1495 395 1628 439 altera
1646 393 1799 455 fimes.

1286 518 1468 567 LEUC.
1508 522 1658 566 Momi
1682 520 1882 568 fenestrae
1904 521 2066 571 dedisti

1202 581 1393 638 lucem,
1414 587 1635 646 majorem
1654 583 1863 647 symbolo
1886 589 2064 635 clarita-

1222 658 1338 694 tem:
1364 647 1516 705 restat‚
1536 652 1909 698 ut&l³atronum
1922 653 2065 715 coepti

1219 709 1443 762 discursus
1461 717 1651 762 clariore
1669 715 1833 763 notitia
1850 716 2059 764 illustres.

1217 784 1376 825 AJIEL.
1414 781 1692 842 Gregoriurn
1725 780 1883 837 vides,
1919 796 2061 844 quem

1218 842 1241 887 a
1267 845 1410 890 Patria
1422 848 1760 893 Nazianzenum
1780 883 1792 902 ,
1831 846 1856 893 a
1874 844 2063 894 scientiae

1217 907 1351 952 laude
1371 908 1542 956 illustre
1555 911 1702 973 Sydus
1727 947 1740 966 ‚
1776 910 1800 958 ὲ
1815 908 2061 959 sanf‘titatis

1217 968 1452 1033 splendore
1495 973 1819 1023 lucidissimum
1863 976 2060 1024 Ecclesiae

1212 1038 1368 1084 Solem
1388 1075 1400 1094 ‚
1435 1040 1598 1088 odorat
1617 1042 1757 1094 Orbis
1778 1057 1787 1086 :
1813 1041 1933 1088 hunc
1951 1043 2055 1089 aet'a-

1213 1112 1259 1155 te
1288 1101 1562 1165 provestum
1594 1106 1671 1154 sibi
1702 1107 1905 1154 attribuit
1943 1103 2057 1156 sacra

1211 1167 1408 1216 Themis
1423 1206 1436 1226 ‚
1481 1173 1588 1234 quia
1616 1172 1913 1235 Theologum
1935 1186 1945 1216 :
1981 1173 2057 1234 ju-

1209 1234 1386 1280 niorem
1409 1247 1562 1283 tamen
1585 1236 1661 1283 fibi
1683 1235 1852 1285 merito
1877 1239 2056 1299 Peripa-

1212 1300 1506 1362 tusvendicat
1529 1339 1541 1356 ‚
1582 1303 1688 1366 quia
1708 1299 2054 1364 Philosophum,

1209 1360 1384 1411 &inter
1396 1365 1696 1431 Philosophos
1707 1368 2053 1415 celeberrimum

1207 1429 1564 1492 Physiognomiae
1582 1434 1829 1482 >‚Cultorem
1847 1469 1862 1488 ‚
1912 1432 2053 1494 atque

1207 1492 1480 1544 Doclorem.
1580 1500 1630 1545 In
1654 1498 1796 1545 aetatis
1816 1496 1929 1544 flore
1945 1497 2053 1543 reli-

1206 1561 1308 1621 quit
1324 1573 1562 1623 paternam
1575 1562 1767 1610 domum
1786 1600 1799 1618 ,
1834 1562 2053 1610 utPhilo·

1205 1624 1409 1688 sophiam
1430 1665 1442 1684 ‚
1501 1642 1606 1676 tunc
1632 1630 1678 1676 in
1703 1630 1872 1677 Graecia
1896 1623 2050 1690 hospi-

1204 1703 1330 1749 tem,
1363 1691 1682 1758 investigaret:
1721 1694 1896 1741 invenit
1918 1693 2053 1740 illam'

1179 1767 1183 1771 '
1201 1758 1421 1806 Athenis?
1456 1759 1612 1822 sicque
1624 1759 1680 1808 ad
1693 1766 1878 1808 Annum
1899 1757 2049 1819 usque

1202 1822 1480 1885 trigesimum
1497 1827 1639 1873 coluit
1664 1862 1676 1880 ‚
1726 1837 1777 1870 ut
1801 1827 1844 1870 in
1863 1825 1960 1884 ejus
1978 1825 2044 1869 in-

1198 1891 1335 1951 genio
1361 1886 1448 1936 sese
1459 1888 1726 1956 stupesceret
1738 1886 2043 1950 Philosophia,

1200 1953 1242 2000 l'e
1265 1953 1360 2016 ipsa
1380 1956 1618 2018 majorem.
1712 1958 1834 2004 Nam
1852 1949 2043 2002 sensitse

1199 2019 1527 2068 exhauribilem
1545 2044 1562 2079 ‚v
1599 2022 1708 2084 quia
1741 2017 2003 2069 exhaustam
2027 2033 2039 2063 z

1198 2083 1314 2132 vidit
1326 2083 1449 2147 posse
1461 2084 1504 2133 se
1522 2086 1731 2141 crescere,
1762 2088 1811 2134 &
1824 2081 2040 2148 supereffe

1195 2151 1431 2212 ingenium
1452 2189 1464 2208 ‚
1499 2153 1628 2215 quod
1655 2162 1801 2198 totam
1820 2161 2000 2212 caperet
2023 2184 2039 2205 ‚

1195 2229 1277 2262 nec
1296 2218 1575 2280 impleretur.
1679 2219 1782 2264 Hoc
1812 2211 2042 2279 agnovere

1193 2279 1488 2341 Athenienses
1503 2321 1516 2340 ‚
1548 2283 1651 2330 hinc
1661 2282 1781 2328 abire
1799 2282 2039 2329 volentem

1192 2345 1447 2394 retinuere:
1505 2347 1657 2395 oblata
1688 2345 1943 2408 Sophisticae
1964 2360 2038 2393 ca-

1194 2411 1352 2458 thedra
1368 2449 1382 2468 ,
1431 2416 1516 2461 rati
1541 2451 1554 2469 ‚
1600 2413 1829 2460 neminem
1868 2408 2035 2459 melius

1192 2477 1355 2523 docere
1378 2475 1502 2543 poffe
1521 2516 1534 2534 ,
1573 2477 1815 2540 quomodo
1843 2475 2037 2523 vitandae

1167 2537 1171 2540 ’
1191 2542 1377 2590 fallaciae
1389 2580 1400 2600 ,
1432 2543 1510 2591 nisi
1525 2544 1655 2591 illum
1670 2581 1682 2598 ,
1714 2544 1791 2605 qui
1803 2544 2036 2589 neminem

1191 2608 1372 2658 falleret
1392 2645 1404 2667 ,
1446 2609 1648 2659 nec'faili
1676 2610 1729 2657 ab
1755 2609 1854 2656 ullo
1871 2603 2032 2670 poss'et.

1908 2671 2034 2722 Tan·-
2106 2708 2111 2712 .
