2294 2933
881 69 1028 123 Mami
1056 68 1256 131 Fenearae.

205 207 295 256 qua
312 195 446 238 unius
464 203 552 252 prae
569 190 715 238 altero
738 191 928 254 ‚pondus
948 228 962 248 ‚
993 189 1050 240 sic

204 258 259 305 ad
293 257 512 303 virtutem
534 256 718 302 inclinat
739 294 753 312 ,
786 261 839 304 ut
864 255 1048 306 tantum

199 337 293 369 non
310 320 434 369 hisce
447 321 591 368 oculis
611 318 845 370 discrimen
870 325 1047 371 intuea-

199 403 316 435 mur.
383 389 687 449 Praeterquam
711 390 876 445 enim,
913 385 1046 451 quod

197 453 285 500 hoc
305 452 590 499 conformius
603 451 654 499 sit
674 455 908 516 Scripturae
927 454 1047 502 Ora-

199 519 311 564 culis
333 555 344 572 ,
377 514 524 565 sensus
557 521 816 566 communis
842 556 854 574 ,
888 518 943 565 ad
984 518 1048 564 ita

202 580 501 636 sentiendum,
525 599 609 629 nos
625 583 818 639 videtur,
839 583 1049 645 impelle-

200 663 262 694 re.
359 649 446 694 Dic
462 651 583 694 enim
611 685 622 702 ‚
656 648 842 703 amabO,
876 664 932 695 an
955 662 1050 694 non

201 712 346 775 magis
367 715 554 776 eligeres
582 709 874 760 amoeniffimi
896 712 1052 776 Jacobi

199 777 408 825 indolem
441 815 454 833 ‚
508 776 649 841 quam
682 780 886 826 Genium
920 778 1053 825 silve-

200 841 339 891 strem
362 840 518 890 hirsuti
532 839 645 889 Esau
665 844 680 889 ?
714 860 771 891 an
794 860 888 891 non
906 841 1052 906 magis

203 910 283 955 tibi
334 919 517 969 optares
555 905 832 956 suavissimas
870 908 1005 956 dotes
1039 944 1052 964 ‚

201 989 316 1036 quas
368 976 544 1021 Natura
579 975 743 1033 Joanni
777 972 1003 1037 Apostolo
1037 1002 1050 1028 ι,

201 1054 342 1101 quam
355 1040 528 1100 pellem
549 1036 768 1086 Iscariotis
795 1041 1052 1101 vulpinam,

200 1104 573 1151 millefraudibus
584 1105 752 1159 fartam
770 1142 782 1160 ‚
819 1117 960 1166 atque
984 1119 1054 1150 re-

200 1170 397 1218 fertam?
437 1185 599 1215 annon
617 1183 832 1231 expertus
860 1185 906 1216 es
935 1166 1056 1231 saepi-

201 1251 256 1281 us
275 1272 288 1290 ‚
324 1234 379 1281 ad
397 1235 644 1291 virtutem,
676 1234 917 1284 adlitteras
943 1235 1055 1282 faci-

202 1297 294 1347 lius
328 1314 473 1348 unam
489 1299 694 1347 indolem
724 1301 839 1347 tra'ni
865 1338 878 1357 ‚
913 1298 1056 1363 quam

204 1366 376 1412 aliam?
408 1360 796 1412 saneHaunoldus
815 1362 1055 1428 persuade-

203 1432 239 1477 ri
249 1444 343 1476 non
353 1431 526 1492 poterit
541 1467 554 1487 ‚
586 1428 719 1493 quod
739 1432 870 1478 aliter
889 1430 942 1478 sis
953 1446 1056 1493 per-

205 1492 354 1543 suasus
374 1511 388 1541 ⁷:
424 1496 529 1543 hinc
561 1496 793 1543 concludit
815 1534 827 1553 ,
879 1497 1056 1543 nullam

204 1561 393 1624 quidem
413 1562 686 1623 temperiem
709 1561 956 1624 simplicem
991 1562 1056 1608 al-

205 1629 289 1674 teri
300 1626 624 1689 praeferendam
636 1664 650 1683 ‚
687 1625 734 1672 id
752 1627 880 1690 quod
897 1624 1057 1689 Espar-

204 1706 308 1738 zai-n
319 1689 595 1739 contendisse
604 1693 877 1755 interpretor
896 1709 906 1738 :
940 1694 1058 1739 inter

205 1756 480 1818 compositas
499 1769 655 1804 tamen
675 1756 844 1806 merito
872 1756 1055 1805 admitti

204 1818 454 1870 delestum.
579 1822 836 1890 Qodnam
900 1835 1056 1870 autem

206 1898 624 1950 temperamentum
655 1903 745 1951 prae
763 1890 952 1950 reliquis
979 1887 1057 1935 fibi

206 1954 376 2016 primas
409 1949 623 2015 deposcat
643 1990 655 2009 ‚
707 1953 886 2008 decidat
919 1955 1057 2001 altius

204 2019 459 2078 Tribuna13
493 2015 739 2066 sentiemus
762 2055 776 2076 ‚
808 2018 937 2081 quod
970 2035 1057 2065 vo-

206 2085 379 2132 lumus.
506 2083 644 2132 Certe
663 2080 902 2146 Hispanica
912 2085 1057 2131 Natio

206 2165 292 2213 pro
300 2150 891 2197 cholerico-Melancholico
904 2149 1058 2196 decet-

209 2217 324 2264 tabit
351 2231 361 2261 :
393 2215 573 2263 Gallica
599 2230 683 2277 pro
697 2212 1058 2282 cholerico-sah-

208 2282 394 2344 guineo.
459 2280 676 2329 Germani
702 2282 953 2343 primatum
978 2279 1060 2327 de-

208 2347 355 2394 ferent
389 2342 1021 2409 Melancholico-sanguineo
1046 2361 1056 2391 ε

209 2411 314 2459 Itali
377 2411 755 2459 Melancholico-
773 2412 1001 2458 cholerico
1045 2447 1058 2467 ‚

208 2472 427 2538 suamque
446 2477 642 2523 Patriam
665 2473 936 2525 Sandiorum
967 2477 1061 2525 foe-

207 2537 524 2589 cundisfimam
534 2542 828 2598 Genitricem,
854 2537 878 2588 ὲ
892 2557 1059 2588 monu-

207 2609 378 2657 mentis
395 2604 616 2653 historicis
635 2606 1025 2654 demonstrabunt.

271 2673 462 2723 LEUC:
492 2673 595 2737 Jam
616 2688 712 2721 non
735 2673 872 2745 video
899 2710 913 2731 ,
933 2671 1056 2737 quid

1853 84 1947 134 ¹73

1103 185 1334 251 ampliusa
1353 188 1706 252 Phyfiognomia
1723 201 1851 253 petat
1872 204 1952 237 eu-

1101 253 1216 304 riosa
1238 252 1633 318 sciendicupiditas
1654 293 1666 312 ‚
1701 255 1781 303 nisi
1812 253 1953 319 ipsam

1101 316 1240 369 forte
1257 321 1410 368 Momi
1426 318 1670 368 fenestram
1694 357 1707 376 ,
1751 337 1842 383 qua
1861 317 1962 382 ipsa.

1102 401 1291 448 quoque
1311 382 1474 432 secreta
1490 384 1638 433 cordis
1658 423 1671 442 ‚
1709 387 1760 434 &
1782 384 1954 433 abstru-

1104 449 1174 500 sos
1193 452 1239 497 in
1262 451 1630 500 intimislatebris
1649 452 1954 513 cogitationes

1104 516 1337 578 exploret,
1377 531 1426 565 ac
1449 515 1655 580 detegat:
1692 514 1767 564 sed
1792 512 1957 564 frustra

1104 579 1170 628 est
1187 597 1202 639 ;
1235 581 1350 628 hanc
1369 582 1491 628 enirn
1510 582 1860 644 praerogativam
1878 581 1957 630 fibi

1107 643 1186 693 soli
1201 642 1397 693 reservat
1415 648 1510 703 ille,
1548 650 1627 711 qui
1643 646 1765 696 solus
1776 647 1956 702 dicitur,

1107 709 1539 767 Cordiumscruraron
1558 723 1684 762 Dens.
1733 721 1875 762 MEL:
1890 715 1961 760 Ita

1108 773 1197 824 est:
1232 790 1329 823 non
1340 787 1494 823 tamen
1515 775 1701 839 penitus
1711 780 1803 826 haec
1812 780 1962 826 curio-

1109 838 1262 888 sorum
1281 840 1689 891 votafrustrabitur
1712 844 1964 906 benignum

1107 909 1297 954 Numen
1323 922 1333 953 :
1373 908 1458 954 erit
1492 920 1674 971 tempus
1699 943 1713 966 ‚-
1749 925 1846 971 quo
1864 924 1964 954 cor-

1108 971 1176 1018 dis
1199 972 1366 1019 clavim
1384 970 1558 1020 cunstis
1583 967 1962 1021 communicabit:

1109 1039 1262 1082 veniet
1294 1036 1390 1084 dies
1412 1074 1423 1093 ,
1479 1054 1576 1099 quo
1603 1042 1772 1101 aperiet
1811 1039 1967 1087 Momi

1109 1099 1368 1149 fenestram.
1483 1105 1664 1151 Habete
1693 1107 1966 1167 patientiam

1108 1166 1435 1230 Physiognomi
1465 1205 1478 1223 ,
1516 1165 1748 1216 satiabitur
1784 1169 1968 1217 curiosi-

1111 1246 1179 1280 tas
1193 1230 1338 1279 vestra
1362 1249 1370 1278 :
1406 1232 1620 1283 videbitis
1641 1232 1804 1284 ωηξὶει
1823 1237 1867 1282 in
1888 1236 1967 1283 illa

1111 1299 1234 1344 valle
1263 1335 1276 1355 ‚
1314 1313 1414 1361 quae
1434 1298 1590 1348 videre
1611 1317 1732 1348 nune
1765 1302 1931 1365 cupitis
1952 1338 1967 1358 ,

1111 1360 1211 1412 imo
1224 1379 1325 1425 quae
1339 1363 1494 1412 videre
1504 1381 1599 1413 non
1616 1367 1796 1429 cupitis.
1830 1368 1966 1414 Eritis

1109 1427 1465 1491 Physiognomi‚
1502 1432 1553 1480 &
1587 1448 1645 1478 ex
1677 1432 1837 1479 habitu
1866 1447 1970 1479 cor—

1110 1495 1259 1557 poris,
1293 1495 1597 1557 absquearte‚
1634 1496 1860 1560 detegeris
1890 1513 1969 1545 oc·

1112 1561 1235 1606 culta
1253 1563 1439 1607 mentis.
1460 1561 1534 1610 Ad
1544 1563 1766 1624 judicium
1785 1563 1969 1626 physio—

1111 1626 1380 1688 gnomicum
1411 1627 1567 1675 citabit
1596 1645 1682 1675 vos
1702 1630 1819 1676 tubae
1844 1631 1968 1677 clan-

1110 1706 1217 1753 gor,
1253 1690 1546 1754 judicabitis,
1578 1696 1628 1743 &
1639 1693 1967 1757 judicabimini,

1113 1769 1254 1819 atque
1264 1757 1442 1804 utinam
1461 1759 1577 1805 bene
1587 1796 1600 1816 ,
1634 1761 1684 1808 ὃ(
1696 1759 1752 1807 ad
1764 1772 1875 1807 vota
1885 1776 1971 1808 ve-

1112 1818 1200 1868 stra
1217 1822 1413 1869 feliciter
1432 1820 1442 1869 !
1484 1825 1528 1870 in
1547 1824 1636 1872 hoc
1655 1825 1764 1873 foro
1784 1826 1971 1888 physio-

1113 1888 1330 1949 gnomico
1355 1890 1579 1950 patebunt
1613 1889 1752 1937 corda
1769 1928 1783 1948 ‚
1824 1893 1873 1941 &
1896 1893 1970 1954 ju-

1112 1952 1228 1999 dicia
1247 1954 1403 2000 omnia
1410 1954 1630 2016 judicabit
1646 1972 1793 2002 unum
1805 1957 1969 2020 judici·-

1112 2032 1195 2064 um
1204 2034 1220 2077 3
1256 2014 1526 2077 sententiam
1534 2021 1651 2069 feret
1663 2020 1845 2070 duobus
1864 2039 1969 2071 ver-

1112 2084 1232 2130 bulis
1263 2120 1276 2140 ,
1344 2092 1399 2131 ite
1431 2102 1456 2141 ‚¹
1511 2094 1653 2134 venite
1687 2126 1697 2143 ,
1771 2086 1968 2151 Superi!

1115 2149 1252 2210 quale
1264 2150 1508 2199 verbulum
1520 2156 1660 2202 venite
1676 2193 1692 2209 ‚
1723 2154 1852 2217 cujus
1874 2166 1966 2202 tres

1114 2211 1293 2276 syllabae
1335 2213 1572 2266 insci-ibent
1628 2219 1966 2266 ἔγνωκεν-φήσω

1115 2291 1208 2325 tm*
1258 2302 1264 2314 ι
1289 2280 1521 2331 felicitatis
1533 2297 1762 2346 perpetuae
1773 2281 1966 2347 syllabo!

1117 2345 1254 2407 quale
1271 2347 1516 2396 verbulum
1535 2386 1549 2406 ‚
1587 2353 1644 2397 ite
1716 2352 1845 2413 cujus
1876 2363 1968 2398 tres

1114 2411 1276 2456 litterae
1293 2413 1625 2462 oblitterabunt
1636 2430 1798 2464 omnes
1814 2454 1827 2472 ,
1867 2411 1891 2463 ὲ
1909 2416 1968 2463 li-

1115 2476 1198 2521 bro
1209 2478 1313 2523 vitae
1321 2475 1515 2539 rejestos
1530 2477 1541 2527 !
1561 2480 1688 2542 cujus
1701 2492 1790 2529 tres
1806 2483 1969 2529 litterae

1114 2537 1290 2589 infinita
1301 2539 1507 2608 spargent
1519 2548 1564 2593 in
1573 2549 1792 2608 reprobos
1809 2548 1967 2594 -fulmi-

1114 2622 1169 2654 na
1197 2644 1209 2662 ,
1249 2611 1414 2669 quibus
1435 2627 1479 2658 An
1515 2612 1677 2658 inferni
1699 2613 1966 2660 barathrum

1113 2668 1265 2788 cuntstYi
1307 2673 1605 2739 dejicientur4
1659 2679 1925 2727 Leucothee
1944 2675 1965 2733 ἒ

1304 2753 1327 2800 3
1434 2745 1439 2748 '
1826 2743 1964 2808 quale
