2294 2933
313 67 330 101 ι
342 67 403 113 34
946 48 1153 111 Speculum

310 170 513 232 tiquitas.
564 163 808 214 Prodibant
828 159 1151 225 saepenumero,

307 232 546 280 mendaces
587 232 632 278 hi
679 230 908 292 Diphterae
941 222 1153 273 fabulosa:

306 297 583 352 consiliarii,
617 290 640 341 ὲ
665 295 893 342 silentibus
914 291 1152 336 idolorum

306 363 482 424 adytis,
504 365 553 410 &
567 359 879 406 velutidivina
898 350 1023 417 passi,
1042 354 1152 400 mil-

306 429 350 475 le
363 426 712 473 debuccinabant
731 421 924 469 ludibria
938 457 949 475 ‚
979 433 1078 481 quae
1090 430 1158 466 ta·-

306 507 413 538 men
435 530 446 547 ,
488 491 641 536 divina
655 489 785 533 velut
803 485 1008 539 oracula,
1044 483 1158 530 ado-

303 555 628 616 rabatsimplex
643 552 871 614 popellus.
911 551 1015 596 Haec
1027 563 1156 594 nem-

304 638 361 683 pe
385 617 515 666 crassa
530 631 654 664 er-ant
685 615 1018 664 Necromantiae
1041 616 1156 660 anti-

307 685 481 747 quior-is
511 683 693 738 deliria,
736 680 848 727 dum
879 678 1064 727 tandem
1082 678 1155 724 fu-

307 749 526 796 cataehuic
543 747 727 795 falsitati
750 747 925 793 larvam
952 740 1156 791 Philoso-

306 815 412 875 phia
430 812 655 868 detraxit,
694 826 743 859 ac
767 827 846 872 per
873 809 1156 872 Physiogno-

307 880 473 934 miam,
517 879 661 924 veluti
681 877 923 923 meliorem
951 875 1155 920 veritatis

308 941 590 1005 Magistram‚
628 939 729 988 suos
751 957 845 987 non
859 939 1003 986 modo
1026 939 1158 983 meli-

304 1006 360 1055 us
388 1008 543 1054 docuit
559 1004 733 1070 sapere,
761 1002 831 1052 sed
848 1003 1059 1053 &verius
1072 1002 1157 1048 do-

306 1088 418 1119 cere.
487 1074 557 1120 Sic
583 1075 705 1119 enim
739 1085 921 1117 mecum
947 1071 1041 1132 jam
1065 1069 1157 1130 pri-

309 1138 417 1185 dem
429 1136 585 1185 statui:
612 1137 829 1191 Scientia,
865 1150 1069 1197 quaenon
1087 1134 1157 1179 ni-

307 1202 338 1251 s1
363 1202 650 1250 evidentibus
670 1201 1014 1263 nixaprincipiis
1030 1237 1041 1255 ‚
1062 1201 1157 1246 Na-

305 1283 416 1315 rurae
445 1283 601 1314 arcana
625 1269 814 1313 rimatur
839 1303 851 1321 ‚
897 1267 1052 1327 ignota
1079 1264 1159 1310 de-

310 1333 521 1379 ducendo
541 1349 619 1394 per
646 1344 755 1378 nota
771 1370 782 1385 ‚
823 1331 1017 1377 naturali
1042 1331 1158 1375 invi-

305 1410 406 1445 cem
416 1413 622 1444 connexa
636 1397 821 1443 vinculo
842 1434 854 1451 ,
884 1397 1156 1456 neutiquam

306 1463 361 1510 ad
439 1458 789 1525 superstitiosam
854 1461 1158 1521 Antiquitatis

302 1529 504 1578 Thulem
517 1525 582 1574 est
593 1526 834 1590 releganda
849 1564 860 1581 ‚
886 1523 959 1572 sed
970 1539 1160 1571 omnem

307 1590 466 1656 potius
500 1592 717 1639 Eruditos
766 1594 903 1646 inter,
958 1602 1159 1636 meretur

308 1657 470 1706 fidem:
510 1658 650 1704 talem
686 1655 771 1703 effe
785 1656 1027 1704 Scientiam
1040 1656 1158 1717 phy-

309 1724 633 1786 liognomicam
666 1738 759 1768 non
789 1722 1020 1783 negabunt
1050 1722 1156 1766 artis

307 1790 438 1851 periti
454 1826 465 1839 ,
501 1802 665 1849 negare
676 1802 768 1833 non
783 1797 1001 1848 poterunt
1013 1788 1157 1846 impe-

306 1854 378 1901 riti
396 1891 408 1909 ‚
444 1849 626 1914 fipaulo
640 1849 916 1913 profundius
938 1852 1157 1897 naturalis

305 1919 442 1980 hujus
466 1916 628 1979 speculi
652 1914 964 1964 fundamentis
994 1916 1156 1962 oculos

306 1986 597 2045 immergant.

369 2051 406 2095 L
428 2051 460 2094 E
477 2049 520 2094 U
547 2048 601 2094 C.
645 2052 743 2107 Age
763 2046 901 2107 igitur
919 2081 932 2100 ,
971 2043 1159 2106 Phyfio-

307 2114 504 2176 gnomiae
527 2112 776 2157 Sacrarium
811 2111 931 2172 aperi
948 2147 959 2165 ‚
1022 2112 1072 2158 &
1089 2125 1158 2156 re-

307 2176 437 2224 mota
459 2173 631 2223 cortina
651 2212 664 2230 ‚
703 2190 859 2222 arcana
889 2190 1049 2236 prome
1063 2178 1157 2221 Na-

312 2257 420 2291 turae
433 2241 642 2295 oracula,
675 2255 825 2286 novus
868 2241 912 2286 in
947 2243 1158 2303 Peripato

309 2304 535 2368 Aruspex:
570 2304 709 2351 habes
737 2319 814 2352 me
839 2305 967 2351 velut
996 2323 1051 2352 ex
1080 2307 1158 2352 tri-

311 2370 678 2435 podeDelphico‚
710 2365 977 2431 suspensum.
997 2375 1157 2418 AsJEL.

310 2438 558 2498 Triplicem
580 2436 768 2496 Antiqui
786 2432 926 2479 iniere
940 2431 1158 2490 semitam,

312 2517 391 2564 per
404 2515 544 2562 quam
567 2516 622 2545 ex
642 2495 918 2560 inspeetione
948 2496 1160 2545 somme&

309 2579 543 2620 naturam,
583 2564 811 2618 indolem,
861 2563 1159 2625 &propensi-

309 2646 422 2680 ones
450 2630 652 2678 hominis
681 2625 1025 2692 dignoscebant:
1085 2626 1158 2675 sed

1201 32 1418 103 Phyficum.

1209 154 1663 220 triplexhaecsemita,
1699 173 1791 205 non
1810 158 1887 206 nili
1908 158 1951 205 in
1981 169 2056 206 to·

1211 224 1472 271 tidemillos
1496 225 1597 270 avia
1614 223 1884 272 deducebat.
1916 225 2056 271 Primi

1208 287 1578 344 considerabant,
1632 306 1718 336 cum
1754 307 1926 351 quanam
1965 292 2055 336 ani-
2091 291 2095 294 ’

1208 357 1372 399 matium
1394 353 1519 416 specie
1553 356 1661 399 homo
1702 359 1928 416 analogiam
1966 370 2055 401 cor-

1206 434 1369 481 poream
1410 418 1680 481 prafeferret:
1738 420 2056 466 extremitates

1212 495 1423 545 magnas,
1454 482 1778 544 pilumdurum
1797 520 1809 538 ,
1846 479 2058 531 fulvum-

1213 563 1335 609 que,
1367 549 1444 594 leo
1479 546 1701 602 Hminem,
1735 548 1765 594 si
1799 546 2058 610 agnovere,

1210 627 1324 658 mox
1345 613 1537 659 leoninae
1550 612 1718 659 indolis
1738 612 2060 659 fortitudinem

1213 678 1484 739 arguebant:
1524 677 1646 739 quasi
1657 675 1773 724 vero
1789 678 1978 724 ex-hisce
1991 680 2060 723 in·

1211 742 1361 798 dicus,
1394 744 1531 788 etiam
1565 758 1700 789 cervo
1719 743 2058 796 communibus,

1211 822 1305 853 non
1319 805 1484 853 eodem
1495 809 1593 868 jure
1613 845 1626 864 ‚
1646 809 1748 869 quis
1762 804 2060 869 poffetdedu-

1211 887 1309 917 cere
1324 871 1642 918 timiditatem:
1664 873 1832 919 horum
1844 869 1955 935 ergo
1980 887 2060 918 au-

1213 937 1420 997 gurium,
1461 934 1572 982 teste
1588 935 1892 998 Phssosopho,
1928 952 2057 982 men-
2077 936 2124 978 C.
2159 948 2203 976 2.

1213 1001 1304 1046 dax
1339 998 1425 1056 est,
1461 1000 1540 1047 nifi
1558 999 1780 1048 statuatur
1802 1002 2019 1047 indicium
2043 1037 2057 1055 ‚

1214 1064 1342 1128 quod
1393 1067 1610 1113 omnibus
1625 1104 1638 1122 ,
1683 1063 1884 1129 solisque
1916 1066 2062 1113 brutis

1211 1144 1458 1178 commune
1472 1130 1523 1178 fit
1547 1167 1561 1186 ,
1595 1146 1694 1194 quae
1705 1129 1933 1193 ejusmodi
1952 1145 2065 1193 prae-

1211 1194 1424 1258 rogativa
1453 1197 1780 1252 nobilitantur,
1815 1192 2066 1259 pateatque

1209 1260 1300 1307 hoc
1324 1258 1499 1322 signum
1523 1260 1579 1307 ad
1618 1261 1732 1308 hanc
1753 1257 1883 1308 unice
1898 1256 2066 1322 fignifi-

1212 1324 1402 1371 candam
1417 1363 1430 1380 ,
1465 1326 1488 1372 a
1507 1329 1681 1373 Natura
1692 1326 2061 1374 determinatam.

1212 1392 1487 1438 AliiGentes
1511 1407 1614 1438 cum
1630 1392 1857 1440 Gentibus
1877 1406 2065 1453 compa-

1211 1456 1393 1511 rabant,
1449 1440 1822 1519 Thra‘cibt'isquffi
1856 1452 2065 1518 Scythis·

1213 1536 1505 1583 quecorpore
1523 1521 1711 1577 fimiles,
1757 1519 1981 1569 continuo
2016 1522 2064 1567 in

1218 1587 1425 1633 moribus
1447 1602 1637 1649 quoque
1647 1587 1841 1650 aequales
1859 1601 2064 1649 pronun-

1216 1653 1411 1707 tiabant,
1456 1651 1642 1710 eadem,
1702 1668 1794 1715 qua
1836 1653 2011 1714 priores
2049 1687 2063 1706 ,

1212 1716 1390 1765 fallacia
1402 1713 1555 1765 iisdem
1567 1734 1624 1763 ex
1634 1718 1946 1766 fundamentis
1955 1716 2066 1763 faci-

1213 1776 1261 1829 le
1277 1781 1540 1828 refellenda.
1584 1783 1809 1829 Nonnulli
1825 1777 2070 1843 epi·oprie-

1215 1848 1383 1893 tatibus
1407 1849 1609 1909 corporis
1629 1847 1950 1909 propensiones
1970 1846 2066 1893 ani-

1212 1910 1596 1959 maedivinabant:
1628 1912 1736 1960 sicin
1762 1914 1885 1960 iratis
1900 1923 2065 1958 notan-

1214 1990 1284 2024 tes
1305 1978 1516 2024 ruborem
1546 1978 1713 2025 frontis
1737 2016 1748 2033 ‚
1792 1979 1835 2024 in
1890 1975 2063 2023 timidis

1212 2042 1463 2105 pallorem,
1528 2041 1752 2103 continuo
1787 2041 2063 2088 rubicundos

1214 2108 1478 2163 cholericis,
1514 2107 1712 2169 pallidos
1746 2108 2062 2168 phlegmaticis

1216 2173 1571 2220 annumerabant
1583 2210 1595 2228 ‚
1623 2171 1745 2233 quasi
1759 2170 1870 2218 vero
1884 2171 2005 2217 idem
2017 2172 2066 2217 in

1215 2240 1370 2285 fronte
1388 2238 1550 2292 rubor,
1586 2237 1752 2283 habere
1775 2248 1973 2298 nequeat
1993 2236 2063 2282 di-

1218 2298 1391 2348 versam
1403 2305 1605 2350 Matrem
1618 2339 1630 2358 ‚
1650 2304 1913 2356 nunciram,
1941 2315 2063 2361 mine

1217 2367 1550 2414 verecundiam.
1616 2369 1746 2414 Vana
1779 2368 1914 2429 igitur
1931 2364 2063 2414 fuere

1216 2435 1529 2493 Antiquorum
1559 2433 1765 2487 oracula,
1816 2433 1923 2493 quia
1965 2446 2061 2477 non

1216 2513 1271 2543 ex
1287 2497 1459 2542 indiciis
1471 2494 1574 2542 fixis
1589 2533 1601 2552 ,
1640 2493 1661 2542 s
1661 2496 1714 2542 ed
1729 2494 2061 2544 transeuntibus
2076 2519 2079 2523 ·

1216 2559 1454 2623 delumpta
1471 2577 1486 2619 3
1510 2561 1746 2622 aliaigitur
1764 2559 1982 2622 tentanda
1995 2557 2080 2606 se-.

1215 2630 1352 2684 inita3
1396 2641 1508 2689 quae,
1517 2641 1597 2689 per
1611 2624 1824 2675 solidiora
1844 2625 2063 2690 principia

2002 2688 2058 2737 ad
