2294 2933
70 1770 243 1829 Ariston

69 1838 174 1889 seit.
187 1856 212 1888 2
223 1848 262 1890 6,

69 1905 214 1961 Probi.

306 108 403 161 2²4

308 217 499 264 Flumen
515 213 659 281 aspice
678 216 703 270 (
709 232 817 265 nam
829 217 954 263 venti
966 213 1066 263 sunt
1079 220 1154 262 a'e-

307 283 368 329 ris
396 282 628 344 flumina)
655 284 708 332 ὃ(
736 284 886 329 omnis
910 296 984 327 me
1005 280 1154 327 oderit

307 349 512 411 Stagna,
543 347 676 395 niliin
690 349 786 408 ejus
810 347 964 400 fluxu,
1005 347 1154 407 pellu-

306 413 410 459 cido
424 415 567 461 veluti
581 411 1024 475 speculo‚ventorum
1035 411 1155 473 phae-

305 493 510 525 nomena
535 475 861 538 deprehendas.
950 477 1085 522 Nunc
1107 491 1156 521 e-

307 545 402 590 nim
423 542 765 604 plenodecurrit
776 542 932 596 alveo,
960 539 1156 586 nuncdi-

308 619 564 662 minutum,
607 622 725 652 nunc
771 618 888 652 inter
922 618 1155 652 montium

307 673 574 733 angiportus
586 665 871 717 volocissime
882 671 1015 733 fugit,
1037 685 1156 716 nunc

305 739 352 783 in
372 733 655 798 amplissimis
679 737 849 798 campis
882 731 1057 797 placide
1076 750 1157 781 ex-

307 799 546 863 spatiatur:
583 798 705 848 subin
720 804 834 848 inter
852 803 988 847 obvia
1020 798 1122 847 saxa
1141 836 1153 856 ‚

306 867 439 913 velut
458 868 755 914 carminatum
787 868 965 912 exultat
990 903 1002 921 ,
1059 880 1156 911 non

307 948 542 995 nunquam
566 949 622 978 ex
644 932 877 993 catadupis
907 931 1156 992 praecipita-

306 1010 405 1044 tum
434 996 729 1045 formidinem
758 997 949 1051 incutit,
1000 996 1155 1056 jamin

305 1063 444 1117 hane,
477 1064 629 1124 jamin
648 1065 773 1110 illam
796 1073 974 1123 partem
997 1074 1157 1106 excur-

306 1129 389 1184 rit,
408 1144 527 1176 nunc
543 1128 746 1191 denique
772 1131 816 1173 in
843 1125 1024 1188 rapidos
1047 1141 1157 1171 vor-

307 1194 415 1240 tices
444 1206 657 1255 gyratur,
694 1194 768 1240 vel
791 1185 1157 1240 circumfleffitur

306 1259 352 1306 in
372 1258 648 1307 Maeandros.
710 1262 822 1306 Non
843 1257 971 1302 aliter
992 1266 1158 1301 ventus

305 1340 424 1374 nunc
437 1320 643 1370 interciso
662 1325 837 1386 impetu
858 1319 1014 1383 spirat,
1052 1335 1159 1365 mo-

304 1387 372 1438 do
393 1387 546 1443 cessat,
594 1388 744 1436 modo
781 1385 1022 1448 resumptis
1050 1385 1158 1442 viri-

305 1455 389 1501 bus
411 1492 422 1509 ,
451 1454 1071 1516 majorireditcumimpetu,
1095 1446 1156 1495 eb

305 1517 438 1582 quod
451 1520 765 1566 exhalationes
777 1518 851 1564 vel
877 1516 963 1564 sint
979 1513 1128 1578 magis
1142 1551 1154 1569 ‚

307 1597 387 1631 aut
406 1582 562 1632 minus
581 1586 805 1631 continuae
822 1620 835 1638 ‚
869 1594 953 1633 aut
991 1582 1122 1644 plura
1140 1616 1153 1635 ‚

309 1651 383 1696 vel
396 1651 606 1712 pauciora
619 1652 663 1696 in
675 1650 833 1695 itinere
847 1645 1076 1694 obstacula
1089 1646 1156 1690 in-

309 1727 573 1762 tercurmnt,
641 1711 795 1782 Qod
844 1712 873 1760 fi
921 1711 1157 1758 exhalatio

310 1777 511 1842 suspensa
543 1781 590 1826 in
620 1783 723 1825 aere
742 1816 754 1834 ,
810 1776 1035 1840 quasdam
1053 1791 1156 1838 par-

310 1859 377 1893 tes
405 1845 548 1892 calida
581 1882 596 1900 ,
650 1836 868 1906 οάεόεῖυε
907 1842 1047 1897 levis,
1078 1842 1155 1889 'ni-

305 1923 429 1958 tatur
463 1907 653 1957 sursum:
697 1906 770 1956 sed
810 1906 1035 1971 quasdam
1069 1906 1154 1952 ali-

308 1993 356 2024 as
398 1974 583 2038 frigida,
616 1968 828 2037 adeoque
867 1973 1048 2035 gravis,
1083 1985 1154 2017 re-

303 2041 514 2090 trahatur
537 2037 773 2094 deorsum,
807 2050 1021 2084 neutrum
1051 2051 1154 2082 mo-

298 2120 407 2154 'tum
436 2101 573 2167 poffit
596 2106 824 2159 evincere,
859 2099 1082 2158 luctatur,
1105 2103 1155 2149 &

300 2187 366 2219 rex
392 2167 515 2218 meta
539 2181 723 2216 motum
750 2169 1060 2231 parabolicum
1081 2204 1094 2222 ,
1131 2165 1156 2212 a

306 2232 432 2285 reeto
445 2236 626 2282 tramite
638 2230 958 2281 deflectentem
972 2270 984 2288 ,
1020 2247 1157 2294 gene-

307 2313 400 2358 rat,
441 2315 583 2363 quem
601 2300 692 2346 alio
705 2300 893 2345 nomine
917 2298 992 2344 alii
1016 2313 1151 2343 mut-ns-

298 2369 391 2429 sum
427 2377 626 2421 vocant,
647 2364 943 2414 &lateralem
1009 2361 1157 2432 Qod

306 2431 339 2480 fi
366 2431 646 2494 inaequalitas
682 2428 821 2485 aeris,
850 2439 928 2473 aut
964 2443 1156 2492 praevius

307 2495 495 2559 quidam
509 2497 707 2557 impetus
719 2492 1059 2540 exhalationem
1070 2489 1157 2540 ini*-

308 2564 373 2609 tio
393 2559 537 2621 magis
556 2559 831 2606 determinet
850 2595 862 2612 ,
901 2558 947 2603 in
973 2558 1062 2603 hoe
1079 2559 1155 2604 vel

301 2624 422 2672 illud
436 2626 554 2671 latus
569 2640 582 2683 3
596 2623 934 2669 continuabitur
945 2659 957 2677 ,
986 2637 1068 2668 nec
1078 2621 1155 2669 nisi

304 2705 362 2746 ex
389 2704 480 2738 una
516 2700 643 2753 parte
674 2685 836 2736 senties
868 2687 1156 2735 tumultuan-

945 97 1069 150 Atlas
1104 84 1429 163 Philosophiam·

1210 228 1302 262 tem
1324 217 1543 264 AEoliam.
1618 217 1758 267 Subin
1791 227 1913 274 amat
1943 233 2053 267 con-

1212 281 1407 343 tingere,
1427 295 1478 328 ut
1492 281 1666 344 spiritus
1677 282 1849 331 nitroso
1868 282 2055 347 sulphu'-
2109 328 2113 329 γ

1210 346 1304 401 rei,
1332 345 1445 391 dum
1473 344 1678 395 subtilius
1705 352 1970 406 extenuati,
2007 357 2058 397 e'-

1208 406 1442 457 luctantur
1453 413 1496 456 in
1507 412 1668 468 altum,
1680 411 1705 459 a
1715 414 1886 476 frigore
1903 430 2056 477 reper-

1211 470 1349 530 culli,
1383 486 1538 521 totum
1568 476 1796 538 impetum
1842 477 2056 527 deorsum

1206 540 1488 601 concipiant,
1525 553 1604 586 aut
1623 541 1676 586 ab
1697 539 1787 603 ipsa
1816 540 2056 606 superioris

1210 605 1341 651 nubis
1359 604 1606 666 gravedine
1625 621 1718 652 non
1739 607 1869 654 aliter
1894 624 1943 655 ac
1962 610 2056 657 ful-

1210 684 1316 715 men
1333 667 1545 716 deorsum
1574 669 1824 729 elidantur,
1864 674 1943 719 ubi
1965 671 2056 720 sta·-

1212 735 1294 780 tim
1308 735 1422 782 alios
1434 737 1661 782 concitant
1686 735 1882 793 halitus,
1910 743 1960 784 a'c
1977 738 2059 796 def

1207 813 1341 845 mum
1358 816 1361 819 ·
1375 801 1421 846 in
1437 799 1643 848 horridas
1662 799 1868 848 desinunt
1884 804 2063 866 tempe>-

1208 861 1378 911 states:
1417 867 1468 914 &
1501 866 1589 912 hos
1628 859 1806 913 furores
1852 869 2060 930 Etnephrae'

1211 926 1464 976 adscribunt
1507 930 1663 992 Sophi.
1714 929 1932 992 'Typhonis
1968 948 2060 979 no-

1209 995 1334 1039 mine
1354 996 1580 1055 turbinem
1600 992 1820 1051 indicant,
1840 1012 1979 1059 quem
1990 1000 2060 1059 gi<

1210 1061 1286 1121 gni
1300 1060 1466 1106 volunt
1478 1096 1490 1115 ‚
1526 1056 1631 1106 cum
1647 1060 1883 1107 exhalatio
1901 1063 2060 1124 inplu-

1208 1124 1333 1169 ribus
1359 1125 1578 1181 nubibus,
1627 1126 1935 1187 nequicquam
1963 1129 2060 1173 exi-

1212 1200 1314 1235 tum
1328 1204 1548 1250 quaerens,
1581 1190 1626 1235 in
1642 1187 1684 1236 se
1701 1188 1841 1252 ipsam
1864 1188 2062 1239 ressee‘ti-

1214 1264 1288 1300 tur
1307 1290 1319 1308 ,
1355 1249 1673 1316 conceptoque
1687 1255 1729 1300 in
1745 1253 1903 1317 spiram
1925 1269 2059 1303 motu

1212 1315 1450 1373 deorsum,
1484 1319 1839 1376 vorticisinstar,
1874 1323 2061 1368 circula-

1214 1395 1288 1429 tur
1322 1385 1676 1445 perturbinem.
1757 1386 1853 1432 Erit
1898 1389 2060 1437 trenci-

1210 1448 1452 1504 hicturbo,
1482 1448 1511 1495 fi
1523 1450 1673 1511 aliqua
1695 1463 1889 1512 exparte
1909 1451 2060 1498 incen-

1212 1510 1282 1559 sus
1308 1550 1320 1567 ‚
1385 1515 1593 1561 fulminis
1628 1513 1760 1561 instar
1801 1513 1970 1570 saeviat,
2009 1518 2061 1565 δε

1211 1577 1490 1640 procellosos
1501 1581 1736 1642 perLybiae
1759 1579 1930 1629 deserta
1943 1577 2060 1644 spat-

1212 1655 1290 1706 gat
1307 1644 1501 1690 furores.
1655 1646 1657 1648 ’

1311 1710 1500 1757 LEUC:
1534 1712 1714 1758 Ventos
1740 1710 1952 1759 nominas
1970 1711 2061 1758 rni-

1210 1775 1339 1819 noris
1365 1787 1509 1829 notae,
1550 1790 1670 1836 quos
1724 1773 1916 1821 laterales
1957 1778 2062 1824 Sta-

1210 1840 1344 1901 girita
1364 1876 1377 1894 ‚
1423 1834 1682 1900 eorumque
1701 1840 1932 1901 ingentem
1964 1854 2060 1888 tur-

1209 1919 1335 1950 mam
1364 1904 1689 1966 Hydrographi
1718 1903 1932 1952 afferunt:
1957 1908 2060 1968 qui-

1209 1984 1317 2016 nam
1335 1968 1447 2032 ergo
1468 1969 1806 2025 AEoliifratres‚
1839 1986 1956 2033 quos
1970 1970 2060 2017 fine

1207 2050 1406 2100 purpura
1416 2033 1679 2091 Cardinales
1694 2048 1934 2082 veneratur
1943 2037 2059 2097 Hip-

1209 2103 1431 2166 potates?
1474 2107 1615 2147 MAI:
1668 2100 1721 2147 Si·
1755 2098 1919 2156 nescis,
1959 2115 2057 2147 me-

1212 2168 1408 2215 moriam
1417 2164 1594 2229 juvabit
1605 2161 1905 2225 imposterum
1926 2167 2058 2228 Jovi-

1215 2230 1454 2294 aniMusa,
1479 2230 1758 2291 quacecinit:

1216 2308 1256 2347 A
1295 2303 1453 2361 [ummo
1478 2302 1654 2350 Boreas,
1692 2299 1830 2342 Notus
1869 2296 1954 2344 imo
1972 2297 2056 2361 spi-

1473 2368 1542 2406 rat
1573 2357 1758 2423 Olympo
1782 2375 1797 2402 .·
2038 2356 2042 2363 ’

1211 2427 1407 2490 Occasum
1453 2421 1596 2482 insedit
1646 2421 1886 2489 Zephyrus,
1938 2425 2059 2473 venit

1473 2497 1600 2537 Eurus
1620 2489 1670 2534 ab
1681 2499 1794 2539 ortu.

1212 2556 1348 2618 Signa
1360 2566 1608 2602 ventorum
1632 2553 1947 2617 prognostica,
1973 2551 2062 2599 hoe

1212 2636 1402 2684 quoque
1424 2632 1575 2666 metro
1596 2619 1768 2668 inclusit
1795 2623 1936 2669 Po‘efta
1957 2617 2060 2682 qui-

1210 2686 1319 2734 dam
1341 2681 1657 2747 Philosophus.
2013 2746 2059 2793 S.

2041 2761 2058 2792 a
