2294 2933
803 81 930 145 ‘scytia
959 95 1086 149 atque*
1113 77 1343 137 Charybdis.
1896 80 1983 130 103

343 207 514 266 Superi!
552 205 669 263 quale
704 203 994 263 naufragium:
1055 216 1060 246 ὲ
1110 244 1113 247 .

313 272 528 329 Pojicimus
552 266 688 329 sponte
712 267 878 328 caelestes
897 284 984 329 opes
1006 296 1025 323 ,

386 333 465 378 Tot
499 334 675 389 lacrymis
717 333 959 392 acquisitas:

449 396 647 455 Ceffamus
680 393 705 440 ti
743 400 885 452 remis,

387 464 479 506 Haec
501 461 619 505 vada
641 478 688 505 ne
699 463 944 507 evadamus:

275 524 558 586 Abscindimus
577 522 685 570 ultrb
708 525 792 588 spei
812 527 967 581 restduae
978 541 1056 572 an-

579 591 772 638 choram}-

423 656 660 699 Invitamus
686 657 861 716 pericula
882 684 901 711 ,

427 711 600 763 facilius
622 731 668 763 ut
680 734 901 780 pereamus.

356 782 488 845 Ipfiim
519 785 754 829 Innocentiae
774 799 975 843 gemmam

395 849 414 905 (
437 852 553 892 Heu!
577 848 701 906 fluite
721 851 916 907 lacrymae,

276 914 443 958 Plorate
457 913 625 972 fatum,
667 929 869 972 nunquam
888 912 960 974 sat
981 915 1052 960 de-

517 979 755 1038 plorandum
766 980 802 1038 Ι)

360 1040 492 1102 Ipflim
518 1044 754 1087 Innocentiae
767 1055 967 1102 gemmam

376 1104 598 1164 Inconsulti
634 1109 895 1166 demergimus
916 1137 932 1161 ,

303 1175 463 1215 Damno
511 1172 773 1229 lacrymabili,
818 1173 912 1232 quia
931 1174 1084 1234 irrepa-

596 1236 727 1280 rabili.

436 1299 590 1359 Ceffate
615 1302 852 1346 Utinatores
871 1330 888 1356 ,

331 1369 431 1411 Non
459 1367 644 1424 referetis
664 1366 764 1410 hanc
769 1380 987 1425 gemmam,

333 1433 448 1475 Nam
472 1430 598 1489 merfit
619 1430 674 1489 est
706 1448 745 1476 m
762 1431 977 1492 profundo.

464 1497 588 1557 Qod
608 1495 697 1554 fine
711 1497 859 1555 fundo.

569 1562 753 1619 Denique

297 1628 392 1672 Nos
425 1624 496 1686 ipsi
522 1624 718 1684 fragilem
737 1624 1021 1685 confringimus

316 1737 321 1741 ,
552 1690 719 1747 cymbam
742 1719 760 1744 ,

334 1749 454 1799 Ultrb
480 1756 631 1799 ruimus
653 1758 693 1798 in
718 1754 970 1812 Charybdim,

456 1818 718 1881 Obstupefi-ite
736 1822 830 1864 Coeli
840 1849 855 1873 ‚

233 1888 346 1951 Qa
361 1881 502 1946 spon-te
538 1887 753 1944 mergimur
772 1912 792 1939 >
829 1885 874 1932 Εὖ)
896 1887 975 1930 laeti
1005 1885 1079 1929 de-

535 1952 750 2008 mergimur
760 1979 778 2003 ,
984 1972 989 1974 -

317 2015 502 2058 Perimus
521 2015 628 2058 inter
661 2015 816 2072 tragica
828 2014 1011 2072 gaudia,

370 2082 428 2123 Et
453 2078 606 2123 luberet
618 2080 750 2139 perire
761 2076 902 2139 slepius
912 2106 931 2131 ,

537 2145 578 2189 Si
609 2145 761 2187 liceret.

404 2209 572 2252 Plorate
594 2210 719 2267 igitur
750 2208 896 2262 Oculi,

363 2274 478 2334 Qa
511 2274 746 2317 Innocentiae
767 2269 943 2331 fiopuli,

359 2345 362 2348 '
400 2338 600 2394 Lacrymis
621 2339 742 2381 eluite
760 2334 914 2394 scelus,

335 2403 458 2464 Qod
477 2401 713 2461 commisistis
745 2402 785 2445 in
808 2400 985 2459 gaudiis.

298 2468 449 2512 Sanate
471 2467 648 2522 vulnus,
673 2467 777 2528 quod
796 2463 1014 2525 inflixistis.

1270 199 1350 243 Vos
1366 187 1473 237 verb
1494 192 1684 255 Juvenes
1700 190 1815 250 Sophi
1837 216 1856 243 ,

1271 262 1324 305 In
1356 259 1434 302 ictu
1457 258 1572 301 Otuli
1585 247 1724 315 saepiiis
1743 256 1810 299 ι’ῐὲὶ
1832 282 1850 308 ,

1347 325 1474 368 Semel
1500 323 1589 379 jam
1611 319 1743 379 stipite
1776 336 1787 363 .·

1280 387 1424 447 Essetis
1447 384 1724 444 insanabiliter
1753 385 1819 428 ic‘ii
1830 410 1850 436 ,

1275 455 1320 499 Si
1332 454 1454 498 etiam
1469 452 1536 496 icti
1555 466 1630 496 non
1641 448 1854 511 saperetis.

1169 596 1171 598 ’
1204 581 1402 628 LEUC
1425 594 1436 624 t
1470 581 1528 626 Et
1546 593 1634 642 ego
1661 579 1755 632 auri
1774 592 1868 625 non
1886 572 1988 640 pos-

1145 641 1242 692 sum
1252 661 1346 691 non
1355 645 1626 707 exprobrare
1645 643 1869 700 auditum,
1884 642 1993 705 quia

1144 721 1216 758 tot
1227 707 1441 757 scelerum
1455 725 1602 756 reum.
1669 710 1713 756 Si
1728 722 1881 756 tamen
1892 708 1991 754 cul-

1138 790 1247 837 pam
1256 772 1413 837 potiiis
1432 775 1553 834 rejici
1572 776 1724 835 cupias
1737 777 1780 821 in
1791 773 1992 823 Audito-

1137 856 1208 886 res
1221 877 1233 895 ,
1257 839 1576 900 denteCynico
1595 840 1818 886 vellicabo
1834 852 1990 886 aurem

1139 906 1232 952 illis
1255 901 1562 966 philosophis,
1603 906 1682 965 qui
1702 901 1923 951 haetenus
1943 905 1990 950 in

1139 972 1375 1032 Peripato,
1413 981 1508 1015 tam
1553 969 1661 1015 mali
1690 971 1870 1017 fuerant
1891 975 1988 1018 Au-

1141 1035 1330 1096 ditores.
1387 1034 1588 1081 Noveris
1604 1034 1661 1080 de
1682 1035 1908 1097 Dionysio
1921 1035 1991 1083 Si-

1141 1101 1250 1146 ciliae
1279 1114 1501 1161 tyrannO,
1560 1097 1691 1160 quod
1719 1103 1900 1147 carceris
1926 1096 1992 1146 sui

1141 1163 1377 1227 ergastula,
1405 1166 1449 1210 in
1462 1164 1580 1210 auris
1594 1180 1800 1212 concavae
1811 1164 1991 1228 spiram,

1138 1229 1194 1278 fic
1206 1228 1480 1285 efformfirit,
1515 1240 1569 1275 ut
1588 1244 1667 1291 per
1680 1231 1879 1278 formam
1894 1233 1993 1278 exi-

1137 1311 1283 1358 guum
1308 1297 1353 1341 in
1364 1294 1593 1349 conclavi,
1626 1297 1676 1345 &
1703 1291 1838 1344 facile
1861 1295 1991 1347 audi-

1137 1374 1206 1407 ret
1218 1361 1505 1422 captivorum
1516 1363 1716 1421 gemitus
1733 1399 1745 1417 ‚
1782 1363 1989 1410 &mixta

1136 1425 1404 1488 singultibus
1442 1425 1646 1472 lamenta
1691 1429 1939 1489 perciperet
1972 1463 1987 1483 ,

1137 1495 1304 1552 quibus
1317 1528 1329 1545 ‚
1368 1491 1511 1536 veluti
1532 1486 1653 1537 suavi
1666 1491 1846 1548 musicfi,
1858 1491 1987 1539 iden·

1138 1557 1282 1604 tidem
1314 1553 1354 1602 se
1373 1556 1599 1601 recreabat
1622 1570 1868 1618 purpurata
1896 1559 1988 1604 haec

1135 1621 1308 1671 infolio
1332 1621 1474 1682 tigris.
1523 1619 1672 1684 Qod
1694 1621 1722 1669 fi
1743 1624 1989 1670 infernier-

1135 1688 1311 1753 gastula
1324 1724 1337 1741 ,
1373 1686 1487 1731 hanc
1503 1684 1547 1730 in
1559 1687 1759 1733 formam
1768 1687 1986 1742 formata,

1135 1755 1461 1803 damnatorum
1489 1750 1693 1799 ululatus
1706 1754 1985 1808 emitterent,

1136 1819 1247 1883 quid
1262 1855 1274 1873 ,
1305 1813 1454 1878 quaefo
1467 1852 1479 1870 ‚
1503 1814 1710 1862 audirent
1722 1814 1985 1880 Philosophi

1133 1887 1217 1940 ini,
1230 1882 1434 1944 tyrannis
1446 1880 1659 1927 omnibus
1672 1879 1816 1943 magis
1831 1896 1986 1943 tyran-

1133 1951 1244 2004 nici,
1285 1947 1364 2009 qui
1388 1941 1563 1991 lascivis
1582 1946 1828 2008 colloquiis
1855 1951 1989 1994 totin.

1131 2014 1335 2077 stygium
1354 2024 1576 2056 carcerem
1595 2008 1829 2058 demisere
1841 2015 1985 2070 capti-

1130 2081 1246 2126 vos?
1297 2074 1408 2139 quid
1442 2073 1718 2123 audirent?si
1745 2078 1981 2138 ignorant,

1129 2145 1219 2192 huc
1232 2154 1386 2190 aurem
1409 2139 1982 2198 accom1nodenr‚2udiant‚

1128 2207 1183 2258 iit
1203 2210 1352 2255 anima
1375 2215 1556 2267 petatur
1581 2220 1664 2266 pro
1683 2207 1831 2252 anima
1865 2244 1877 2262 ,
1930 2205 1984 2254 ht

1128 2275 1350 2320 clametur
1374 2264 1599 2316 vindicia:
1637 2272 1979 2331 percipiantDi-

1128 2355 1230 2392 ras,
1265 2330 1713 2395 nuncelonginquo,
1737 2348 1875 2396 quas,
1901 2334 1982 2382 nifi

1132 2399 1381 2465 resipiscant
1403 2438 1415 2456 ‚
1455 2397 1584 2444 brevi
1604 2400 1854 2463 percipient
1872 2416 1982 2462 pro-

1131 2466 1236 2534 pios
1263 2469 1311 2515 in
1330 2465 1532 2516 Inferno.

1728 2685 1975 2764 DIRAE
