2294 2933
240 97 339 157 4¹8

241 205 444 260 calorem
466 203 509 257 se
529 206 813 267 extendenti.
885 204 1062 256 Contrir
1088 244 1103 263 ,

240 276 274 327 fi
294 277 543 341 utrobique
559 271 760 324 clausum
784 273 836 322 fit
858 271 1102 330 orificium,

242 340 550 393 invalescente
569 344 720 390 calore
732 338 937 388 ascendet
948 341 1105 403 liquor

241 410 390 475 seque
437 407 733 457 extendendo
775 401 948 453 sursum
997 421 1106 469 pro-

244 475 400 526 trudet
421 480 573 524 a'erem
599 512 612 531 ‚
657 474 766 537 quia
785 474 959 520 viribus
979 471 1107 518 debi-

242 545 427 593 liorem.
541 538 692 610 Qlod
729 538 758 587 fi
787 554 950 586 manus
977 535 1107 601 supe-

244 610 351 658 riori
379 624 436 655 ex
461 620 591 672 parte
625 606 873 665 calefaciat,
893 607 1066 652 vitrum
1093 642 1105 667 ,

243 671 471 723 ῐ;ὶῑεῑειξὶο
500 672 925 736 a'ericedetliquor,
958 669 1018 718 ei)
1037 672 1107 720 fa-

245 739 379 791 cilius
402 779 415 799 ‚
457 757 552 804 quo
570 743 733 788 nativo
752 739 924 802 frigore
961 736 1109 802 magis

246 807 314 857 est
333 803 653 855 condensatus.
720 806 813 854 Ubi
835 802 990 861 vides,
1029 819 1110 852 ex-

245 875 520 941 perientiam
556 870 676 920 adeo
720 870 1004 935 paradoxam
1040 886 1110 918 re-

245 941 380 991 fundi
420 943 467 988 in
505 955 696 1003 corpora
730 954 852 986 nunc
882 955 964 1003 per
1000 953 1110 984 con-

245 1004 565 1056 densationem
585 1002 848 1068 compressa.
958 1001 1110 1074 Qod

246 1072 279 1128 fi
304 1075 502 1122 ulterius
537 1072 560 1121 ἒι
585 1071 776 1135 Phyficse
809 1071 1006 1120 Cultore
1030 1086 1111 1133 pe-

250 1153 321 1189 tas
347 1179 360 1198 ‚
394 1156 485 1203 qua
504 1140 683 1187 ratione
702 1138 747 1185 id
764 1134 913 1201 ipsum
929 1138 1111 1185 contin-

247 1219 344 1273 gat,
364 1208 549 1255 haerebit
561 1203 829 1269 paululum,
866 1219 981 1252 mox
1000 1219 1112 1251 con-

229 1270 627 1323 .tra&ishumeris
638 1283 857 1335 reponet3
892 1267 1008 1327 sunt,
1030 1272 1112 1333 qui

250 1356 379 1404 aquae
416 1357 496 1403 per
519 1340 719 1387 calorem
752 1338 942 1385 elevatae
978 1339 1029 1386 &
1050 1337 1111 1386 ob

247 1409 396 1471 frigus
418 1404 575 1454 denuo
590 1401 853 1453 subsidentis
872 1404 988 1451 hanc
1006 1407 1113 1451 cau-

250 1471 345 1523 sam
357 1474 559 1536 allegant
579 1510 592 1529 ,
626 1469 937 1535 quodnempe
955 1471 1113 1533 liquor

250 1542 306 1589 ab
353 1552 518 1603 agente
566 1534 820 1585 extrinseco
863 1534 1112 1585 calefastus

251 1608 419 1671 apertis
456 1606 683 1653 meatibus
719 1603 952 1651 tenuiores
997 1603 1114 1651 hali-

249 1687 325 1722 tus
351 1711 365 1729 ‚
404 1674 454 1723 &
475 1667 642 1720 intrusa
661 1666 926 1733 corpuscula
943 1686 1023 1734 per
1045 1671 1114 1717 vi-

251 1742 306 1788 tri
327 1755 470 1803 poros
492 1741 703 1801 recipiat,
746 1737 796 1786 &
816 1736 987 1800 frigore
1004 1752 1115 1784 con-

250 1801 434 1854 stric'tus
470 1804 662 1852 eosdem
694 1801 853 1851 denuo
901 1804 1112 1866 repellat.

250 1872 458 1935 Suntqui
483 1870 540 1919 ad
564 1871 850 1918 ubicationes
872 1871 1073 1934 majores
1099 1908 1112 1928 ,

249 1939 326 1986 vel
354 1954 559 1986 minores
595 1937 872 1999 confugiunt
894 1973 907 1993 ‚
944 1937 1112 1999 quibus

249 2005 420 2052 volunt
439 2019 630 2068 corpora
641 2000 858 2051 rarescere
876 2041 890 2060 ‚
913 2004 1113 2052 velcon-

250 2068 424 2118 densari
464 2086 560 2118 non
600 2085 681 2133 per
710 2071 833 2117 intus
873 2065 1072 2133 suscepta
1097 2107 1111 2128 ‚

252 2138 326 2184 vel
355 2133 500 2201 ejee‘ta
510 2133 788 2199 corpuscula,
824 2132 898 2183 sed
917 2151 996 2199 per
1015 2153 1115 2187 eas-

255 2203 365 2251 dem
393 2204 592 2251 materiae
625 2201 777 2265 partes
800 2240 814 2258 ‚
849 2203 910 2249 ob
949 2204 1115 2252 altera-

256 2283 358 2317 tum
384 2280 803 2333 temperamentum
821 2306 834 2325 ‚
889 2269 984 2332 jam
1015 2285 1113 2318 ma-

253 2335 323 2399 gis
357 2334 564 2384 extensas
598 2373 612 2392 ‚
675 2336 770 2398 jam
810 2339 958 2398 magis
1002 2353 1114 2384 con-

255 2399 436 2451 tracias.
581 2403 843 2464 Utramque
920 2405 1114 2452 Senten-

255 2470 368 2516 tiam
411 2468 619 2516 veritatis
653 2467 861 2532 quodam
900 2467 1112 2534 splendo-

244 2551 302 2597 re
326 2532 554 2582 illustrant
577 2572 592 2597 7
624 2536 687 2582 ita
713 2549 866 2582 tamen
886 2574 898 2593 ‚
947 2549 1001 2584 ut
1028 2534 1112 2584 suae

250 2617 348 2648 non
367 2599 509 2649 desmt
538 2602 731 2648 tenebrae
765 2601 835 2648 his
854 2601 1019 2650 lucidis
1042 2603 1111 2650 in-

239 2668 473 2728 tervallis.
539 2668 599 2714 Hi
627 2663 860 2714 lue‘tantur
877 2683 1110 2730 cumpun-

248 2729 337 2781 θεὶς
357 2732 549 2788 inflatis,
586 2734 657 2780 vel
682 2730 841 2780 saltem
862 2733 1109 2782 indivisibi-

244 2800 368 2849 libus
388 2836 403 2859 ‚
435 2813 536 2867 quae
553 2799 600 2850 in
624 2801 990 2859 Entemateriah
1009 2802 1107 2854 exi-

827 81 1231 154 Tecbnopbylacium
1259 82 1487 152 physicum.

1159 218 1320 270 gerent
1342 205 1541 254 modum
1561 203 1781 255 existendi
1813 203 2016 254 definiti-

1160 288 1275 320 vum
1287 311 1298 329 ,
1333 270 1717 338 ilthabet'phrafis
1731 270 1987 322 scholastica
2007 289 2017 320 ε

1161 356 1245 387 nec
1270 355 1366 386 non
1398 355 1504 387 cum
1529 342 1720 388 materia
1739 379 1751 397 ,
1792 356 1892 405 quae
1916 355 2020 386 mo-

1163 404 1232 454 (ὶὸ
1255 403 1449 468 spatium
1469 420 1710 469 occuparet
1737 410 1884 471 majus
1909 409 2021 453 citra

1162 473 1542 536 replicationem,
1601 472 1749 520 modo
1770 476 1921 520 minus
1958 474 2022 520 ci-

1166 551 1233 587 tra
1250 542 1741 603 compenetrationem.
1822 539 1916 585 Illis
1939 541 2023 586 ob-

1164 604 1251 653 stat
1272 607 1528 654 multitudo
1553 621 1775 669 pororum
1811 607 1853 651 in
1875 607 2022 661 vitro,

1164 667 1416 735 ‘aditusque
1433 689 1528 720 non
1562 674 1625 719 ita
1650 673 1794 720 facilis
1819 687 1899 734 per
1929 684 2026 717 tor-

1167 752 1326 786 menta
1350 740 1614 799 metallica3
1678 739 1808 802 copia
1843 738 1958 800 ignis
1979 740 2025 784 in

1166 806 1360 871 pulvere
1371 807 1505 868 pyrio
1517 844 1529 862 ‚
1550 806 1627 852 vel
1642 802 1800 853 saltem
1814 801 2025 852 defeci&

1165 874 1369 920 materiae
1389 883 1524 920 tantae
1542 872 1859 935 heterogeneae
1880 887 1890 917 :
1925 868 2026 925 imo

1167 936 1319 986 obstat
1338 936 1431 1002 ipsa
1451 954 1557 987 aura
1576 939 1767 986 aetherea
1788 977 1799 996 ‚
1837 953 1937 1001 quae
1955 938 2028 983 vi-

1168 1003 1303 1051 detur
1316 1001 1524 1054 subtilius
1537 1002 1749 1062 confleta,
1767 1004 1905 1069 quirin
1917 1019 2026 1067 pro-

1166 1073 1274 1118 bata
1293 1068 1499 1121 solidius.
1567 1071 1813 1143 Qidquid
1836 1071 1910 1127 sit,
1949 1085 2025 1116 me

1168 1137 1337 1185 vadem
1349 1155 1445 1187 non
1456 1140 1702 1202 interpono
1721 1156 1731 1184 2
1768 1132 1892 1186 forte
1907 1137 2027 1186 duos

1166 1206 1286 1252 inter
1312 1205 1793 1269 litigantes'gaudebis
1830 1207 1994 1252 tertius
2012 1241 2027 1260 ,

1167 1271 1198 1319 fi
1235 1270 1356 1320 dicas
1375 1310 1389 1329 ‚
1420 1268 1769 1321 rai·efa‹5‘tione1n
1798 1288 1890 1319 non
1918 1267 2025 1318 raro

1167 1334 1266 1386 fieri
1283 1350 1485 1403 utroque
1513 1338 1658 1386 modo
1681 1376 1695 1396 ‚
1739 1354 1836 1401 quo
1862 1336 2025 1386 scilicet

1167 1421 1334 1467 corpus
1364 1406 1554 1469 exigens
1588 1406 1898 1452 ubicationem
1926 1420 2026 1452 ma·

1166 1473 1316 1535 iorem
1332 1468 1375 1518 se
1393 1469 1435 1519 se
1453 1471 1617 1520 dilatet
1640 1510 1652 1528 ‚
1686 1469 1844 1534 sicque
1861 1470 2027 1519 dilata-

1170 1550 1272 1586 tum
1293 1540 1577 1586 intromittat
1593 1534 1855 1601 corpussula
1877 1574 1892 1594 ,
1930 1535 2027 1585 sen-

1168 1602 1250 1653 sim
1269 1603 1358 1652 sine
1380 1601 1504 1652 sensu
1525 1642 1537 1662 ‚
1577 1621 1657 1668 per
1675 1620 1840 1652 omnes
1863 1619 2031 1669 corpo-

1168 1672 1230 1719 ris
1249 1665 1458 1720 rarefaffl
1483 1684 1634 1735 partes
1657 1667 1840 1718 intrusa.

1230 1738 1441 1787 LEUC.
1508 1739 1612 1787 Alia
1639 1732 1664 1784 ὲ
1687 1739 1899 1801 Regione
1926 1751 2026 1784 ma-

1170 1804 1301 1851 china
1324 1801 1427 1852 sese
1454 1805 1600 1852 oculis
1635 1805 1800 1868 ingerit
1819 1843 1832 1861 ,
1885 1803 2027 1867 priori

1169 1886 1264 1917 non
1274 1870 1481 1919 multum
1501 1867 1728 1918 diffimilis
1748 1908 1761 1927 ‚
1799 1882 1852 1918 ut
1874 1872 1918 1917 in
1940 1870 2030 1917 hoc

1168 1938 1293 1986 Artis
1358 1937 1745 2001 technophylacio
1799 1938 2028 2001 gemellos

1167 2001 1341 2053 merito
1353 2004 1558 2062 credam,
1593 2002 1783 2054 Castor-a
1807 2043 1820 2062 ,
1855 2003 2028 2053 &Poh-

1167 2069 1336 2119 lucem.
1414 2079 1546 2119 cres-L.
1601 2073 1923 2118 Barometrum
1958 2071 2029 2116 vi-

1170 2135 1285 2194 des,
1355 2136 1483 2201 quod
1521 2138 1576 2185 ab
1613 2138 1823 2186 Anthore
1861 2137 2025 2184 tubum

1170 2203 1818 2267 Torricellianumappellant.
1891 2204 2030 2250 Hunc

1169 2271 1290 2316 inter
1331 2273 1455 2319 Artis
1490 2272 1713 2320 Miracula
1748 2281 1881 2333 putes
1916 2273 2027 2317 Pro-

1168 2336 1359 2400 phetam
1399 2338 1475 2385 vel
1516 2336 1547 2385 fi
1589 2337 1738 2384 mavis
1790 2333 2028 2383 coelestem

1170 2405 1454 2452 Mercurium
1479 2441 1490 2459 ‚
1527 2404 1605 2466 qui
1626 2403 1860 2465 Dip'nterae
1883 2403 2029 2450 coele-

1166 2465 1246 2516 stis
1266 2486 1421 2518 arcana
1442 2469 1720 2519 Mortalibus
1749 2470 2025 2532 praenunciet

1166 2541 1328 2600 Augur
1360 2536 1490 2584 fimul
1517 2574 1530 2592 ,
1593 2548 1733 2598 atque
1764 2539 2023 2598 Interpres:

1165 2617 1274 2651 nam
1290 2602 1619 2665 Hydrargyrus
1647 2601 1702 2649 ad
1732 2601 2027 2650 altitudinem

1165 2679 1336 2716 certam
1354 2665 1582 2731 suspensus
1602 2684 1681 2731 per
1696 2671 1846 2717 varias
1873 2664 2025 2715 ascen-

1163 2730 1244 2783 sfis
1264 2772 1276 2791 ‚
1314 2737 1365 2784 &
1397 2731 1638 2784 descensus
1674 2733 2020 2790 vieiffitudines,

1159 2800 1263 2853 aliis
1282 2798 1531 2855 instantem
1558 2801 1844 2871 tempestatis
1862 2813 2018 2874 muta-

1922 2877 2018 2917 tlo-
