2294 2933
334 74 430 117 120
585 92 589 94 -
991 64 1171 137 Virgnla
1209 63 1430 132 Morpbti«

328 184 605 246 experimur,
628 183 808 248 aliquos
827 178 969 232 nodiu
981 184 1180 232 culullos

329 250 380 297 &
394 249 523 305 vina,
556 250 739 312 aliquos
759 250 1013 299 fricillos&
1033 251 1180 297 aleam

324 310 526 427 poscere.
626 315 809 380 Nempe
833 314 1022 378 qualibus
1040 317 1083 362 in
1107 329 1174 363 re-

355 395 400 425 us
438 379 616 425 multum
651 382 794 441 sumus
839 379 935 425 ante
976 381 1132 426 morati
1160 415 1175 439 ,

322 440 379 493 ut
403 445 522 492 canit
551 444 630 492 ille
654 480 668 499 ,
721 439 910 490 noeiem
945 458 1137 506 quoque
1163 480 1179 502 ,

326 505 638 571 somnumque
679 506 974 559 traducimus.
1058 510 1184 557 Hinc

327 571 447 622 adeo
465 573 747 621 dormientes
772 570 1019 621 insuetum.
1063 582 1178 622 Cau-

316 639 436 705 fidici
457 639 595 699 causas
627 653 753 707 agere
781 675 796 696 ,
843 639 901 696 ξς
936 651 1180 706 componere

327 700 469 770 leges.-
503 714 636 750 nautae
656 702 915 752 contraffum
941 718 1033 752 cum
1070 719 1174 752 ven-

326 771 382 816 tis
401 767 548 834 degere
577 767 737 819 bellum.
802 766 947 833 qu'ue
973 785 1069 817 non
1096 768 1181 817 alia

326 834 487 889 causi,
536 833 677 898 quam
714 832 846 897 quod
867 837 1072 882 animum
1108 835 1179 883 his

326 899 489 947 iisdem
506 901 639 957 curis,
655 898 910 962 studiisque
930 901 1092 964 vigiles
1104 916 1181 947 oc-

327 964 563 1027 cuparunt.
663 964 794 1035 Qid
821 967 959 1027 igitur
977 968 1146 1012 mirum
1166 1002 1178 1020 ,

326 1030 356 1079 si
373 1028 635 1094 consopitus
654 1067 668 1086 ,
715 1031 922 1078 animum
942 1029 966 1077 a
984 1032 1181 1079 Simula-

323 1110 401 1143 cro
414 1095 630 1159 Cypridis
650 1111 745 1143 non
770 1095 971 1143 divertat
988 1133 1003 1153 ,
1033 1097 1116 1158 qui
1127 1111 1182 1141 o-

324 1162 455 1210 culos
495 1156 631 1218 ante‚
665 1176 745 1224 per
770 1174 909 1207 omne
937 1159 1180 1224 Cupidinis

328 1229 558 1277 theatrum
579 1264 592 1283 ‚
626 1225 924 1279 traduxerat?
963 1225 1076 1290 quid
1092 1228 1183 1272 mi-

326 1309 429 1343 rum
453 1330 474 1346 ἱ
503 1293 532 1340 fi
553 1290 781 1340 somnians
797 1292 975 1340 Tibulli
996 1286 1180 1355 lepdres

325 1371 590 1421 aucupetur,
612 1353 901 1419 venetiirque
911 1359 1066 1406 Catuli
1083 1354 1181 1420 pas-

284 1459 289 1464 ·
326 1421 466 1481 seres,
505 1424 585 1486 qui
611 1423 1182 1485 vigilansPropertiiCyn-

325 1490 444 1538 thias
455 1525 469 1546 ,
502 1486 796 1550 Biblidzisque
806 1483 1049 1535 leetitarat.
1087 1484 1177 1535 En!

323 1554 421 1604 non
431 1555 612 1601 inanem
624 1553 911 1616 Onirologiae
922 1550 1053 1600 usum
1065 1590 1077 1609 ‚
1111 1563 1180 1599 at·

323 1620 672 1687 quelicentiam.
712 1621 798 1666 Fac
815 1619 938 1665 enim
957 1619 1037 1665 tibi
1049 1619 1181 1667 Mor-

326 1688 472 1753 pheus
499 1682 687 1733 sordidis
707 1682 988 1747 phantasiam
1009 1682 1181 1732 illusio-

325 1753 458 1801 nibus
483 1752 712 1813 inquinet:
752 1747 1004 1796 occasiones
1026 1748 1081 1795 de
1105 1747 1180 1794 die

324 1819 454 1865 datas
466 1817 676 1874 examina
694 1846 708 1872 -‚
741 1811 1038 1876 deprehensas
1052 1829 1176 1861 cave.

326 1881 476 1953 Qod
509 1880 539 1928 si
573 1879 952 1928 terriculamentis
973 1880 1180 1926 animum

327 1951 503 2003 turbet,
543 1941 796 2008 saepii‘isque
820 1943 1028 2000 infestet,
1063 1942 1180 1992 scru-

327 2026 424 2063 tare
450 2012 676 2074 originem
695 2047 708 2067 ‚
764 2013 814 2059 &
838 2010 1088 2057 humorum
1110 2011 1177 2055 in-

325 2078 596 2141 temperiem
614 2074 912 2138 temperando
931 2112 943 2131 ,
983 2075 1179 2122 teamo·

324 2142 631 2194 lestiislibera.
697 2143 742 2188 Si
761 2139 960 2204 denique
982 2156 1101 2187 nunc
1121 2138 1176 2186 ad

324 2209 498 2272 flagitia
518 2244 532 2263 ,
567 2220 688 2253 nunc
709 2203 764 2252 ad
785 2207 980 2253 virtutes
1001 2205 1178 2268 impelli

327 2289 374 2324 te
393 2272 552 2322 sentias
582 2308 594 2327 ‚
630 2272 675 2316 in
694 2270 925 2318 Authores
963 2272 1142 2332 inquire
1162 2306 1175 2326 ‚

327 2341 503 2389 malum
516 2349 568 2385 ut
578 2336 726 2399 fugias
738 2372 751 2391 ,
790 2335 965 2381 bonum
983 2333 1098 2382 vero
1112 2332 1177 2381 se-

327 2407 496 2468 quaris.
562 2403 702 2465 Juvat
721 2398 794 2447 hic
820 2398 984 2446 addere
1006 2399 1176 2462 Synesii

325 2472 584 2524 monitum,
616 2482 709 2513 non
729 2466 892 2527 utique
925 2465 1135 2526 ineptum
1161 2500 1175 2521 ‚

324 2529 639 2584 siPhantasum
659 2532 782 2577 illius
795 2532 839 2576 in
851 2526 975 2575 sensu
999 2532 1178 2576 veriore

328 2601 573 2661 intelligas.
607 2599 685 2644 Ait
703 2596 823 2642 hunc
850 2591 1053 2657 spiritum
1072 2608 1177 2641 mo-

323 2665 486 2716 derato
499 2659 648 2723 vinu,
682 2660 890 2727 ingenuis
909 2656 1084 2720 studiis,
1109 2672 1178 2709 te-

1236 200 1349 232 nore
1366 186 1470 233 vitae
1481 185 1536 234 ad
1548 185 1736 232 rationis
1749 184 1874 247 leges
1891 176 2082 240 exusto}
2101 188 2108 195 ’“

1235 247 1537 313 sedandisque
1559 251 1714 298 animi
1727 249 2083 313 perturbationi-

1233 315 1317 364 bus
1335 314 1697 380 praeparandum,
1729 313 1913 379 ligram,
1949 315 2083 378 quie·

1233 376 1373 443 taque
1398 380 1564 438 haberes
1582 377 1758 428 somnia
1780 382 1958 429 animus
1990 379 2043 428 sit
2066 392 2079 425 t

1232 445 1517 508 Pythagoras
1561 439 1682 493 certe
1712 448 1931 494 *cubitum
1981 460 2081 492 non

1233 507 1462 567 concellit,
1497 509 1575 559 nisi
1585 507 1712 574 priiis
1722 506 1846 559 suavi
1855 521 1991 559 cantu
2001 510 2082 557 de-

1235 572 1448 624 mulsisset
1490 573 1764 623 Phantasum
1796 573 2087 639 cytharaeque

1235 641 1551 689 modulamine
1561 678 1575 698 ,
1600 640 1656 689 ad
1666 641 1769 689 laeta
1781 639 1955 689 somnia
1968 641 2091 688 invi·

1236 703 1378 754 taffet.
1400 706 1486 755 Sed
1504 705 1634 769 quod
1645 707 1916 770 Pythagorae
1925 705 2088 768 cytha-

1234 786 1297 826 ra,
1329 772 1418 819 hoc
1432 768 1973 834 ChristianoPhilosopho
1987 768 2089 819 sunt

1234 832 1467 885 noeturnae
1477 851 1629 899 preces
1649 853 1664 897 3
1696 838 1767 885 his
1786 834 1953 884 fidibus
1972 835 2089 883 deli-

1235 903 1385 958 nitus,
1420 898 1563 949 fidem
1582 918 1680 950 non
1710 903 1891 966 franget
1917 899 2086 950 infidus

1237 965 1345 1014 alias
1367 967 1640 1029 Morpheus.

1300 1033 1468 1080 LEUC
1488 1048 1498 1076 ι
1529 1033 1692 1081 Teneo
1709 1029 1852 1093 eryfin
1870 1028 1930 1079 de
1966 1030 2086 1078 Oni-

1235 1098 1453 1144 rocriticis
1485 1112 1495 1143 ε
1560 1093 1793 1159 supersunt
1859 1092 2086 1146 Noetam-

1235 1163 1429 1209 bulones
1453 1199 1467 1219 ‚
1506 1176 1625 1225 quos
1650 1171 1817 1209 vocant
1841 1197 1854 1218 ,
1891 1160 1949 1208 de
1982 1161 2086 1224 qui·-

1235 1227 1319 1274 bus
1362 1239 1490 1275 tuam
1524 1243 1718 1290 quoque
1744 1226 1951 1273 mentem
1984 1241 2088 1289 per-

1235 1295 1384 1355 cipere
1406 1330 1419 1350 ,
1451 1294 1591 1339 etiam
1614 1304 1754 1354 atque
1775 1293 1915 1338 etiam
1950 1305 2089 1354 cupe-

1236 1373 1348 1404 rem.
1436 1366 1559 1406 MEL„
1583 1377 1598 1403 .·
1626 1358 1753 1405 Mira
1775 1358 1943 1403 horum
1963 1353 2089 1418 sym-

1236 1419 1448 1485 ptomata
1498 1423 1668 1470 oculati
1729 1419 1864 1468 testes
1919 1418 2088 1468 confir-

1236 1499 1365 1535 mant
1379 1503 1389 1534 τ
1424 1488 1639 1551 Morphei
1650 1488 1953 1543 excubitores,
1967 1483 2089 1532 sorn-

1235 1551 1377 1617 nique
1386 1554 1601 1617 portenta
1611 1551 1797 1608 diceres,
1832 1549 1952 1600 adeo
1969 1552 2089 1614 vigi->

1236 1619 1433 1667 lantium
1445 1619 1844 1680 moreloquuntur
1858 1654 1871 1674 ,
1902 1613 2088 1680 respon-

1236 1684 1346 1730 dent
1365 1722 1377 1739 ‚
1411 1682 1643 1747 disputant
1660 1721 1672 1740 ‚
1714 1680 1908 1730 scribunt
1926 1719 1939 1739 ,
1989 1696 2088 1728 am-

1236 1749 1437 1806 bulant,
1470 1761 1732 1812 operantur.
1811 1747 1899 1796 Sed
1916 1747 2087 1794 deben-

1237 1825 1309 1860 tur
1319 1814 1411 1862 haec
1425 1814 1657 1878 paradoxa
1675 1851 1688 1869 ,
1720 1815 1905 1860 virtutis
1923 1813 2087 1874 imagi·

1235 1880 1415 1927 natricis
1431 1882 1663 1944 potentiae,
1702 1880 1899 1941 quamin
1919 1878 2087 1925 talibus'

1234 1944 1576 2008 propemodum
1598 1946 1971 2007 thavmaturgam
1992 1940 2086 1989 stu-

1268 2008 1641 2072 etPhilosophiai
1678 2010 1783 2057 huic
1805 2023 1995 2071 quoque
2015 2008 2086 2055 fe-

1232 2076 1493 2124 bricitantes
1506 2073 1579 2123 sua
1590 2075 1796 2130 ludibria,
1813 2071 2082 2136 phantastici

1231 2137 1518 2205 imaginarias
1554 2137 1728 2187 extases
1757 2176 1770 2196 ‚
1821 2137 1981 2185 deliria
2007 2135 2082 2185 sua

1231 2207 1478 2268 phrenetici
1499 2242 1513 2262 ‚
1561 2215 1839 2267 praegnantes
1866 2200 1967 2250 suos
1987 2219 2082 2252 non

1231 2269 1336 2318 raro
1348 2270 1515 2318 debent
1532 2270 1732 2317 abortus.
1766 2269 1870 2316 Fuit
1881 2269 2082 2316 nonnul-

1230 2336 1287 2383 lis
1318 2334 1549 2398 phantasia
1584 2333 1702 2382 adeo
1746 2332 1925 2380 turbida
1956 2370 1969 2389 ,
2026 2344 2080 2383 ut

1232 2397 1445 2463 quamvis
1464 2402 1538 2447 Iro
1556 2396 1715 2447 affines
1739 2435 1752 2455 ‚
1785 2397 2016 2445 crederent
2037 2395 2081 2446 se

1233 2464 1398 2513 Mundi
1426 2465 1698 2512 Monarchas
1736 2479 1746 2510 :
1783 2461 1882 2510 imo
1902 2473 1952 2510 ut
1977 2462 2079 2526 ipsi-

1229 2542 1326 2577 met
1344 2527 1430 2577 sese
1459 2541 1671 2576 mortuos
1706 2529 2077 2591 promulgarent,

1228 2592 1338 2643 facii
1372 2597 1422 2644 &
1453 2592 1517 2642 sui
1548 2595 1721 2642 funeris
1751 2596 1944 2642 comites
1969 2630 1981 2650 ,
2028 2608 2078 2640 ac

1229 2657 1520 2725 vespillones.
1586 2661 1651 2714 Hi
1666 2654 1790 2713 mal‘e
1815 2658 2008 2770 delirarkixt
2031 2659 2078 2705 in

1931 2738 1963 2787 P
1998 2736 2077 2774 ²5²¹

2266 1753 2269 1831 Ξ

2266 1834 2270 1947 ἓ

2268 2023 2270 2062 Ι

2268 2205 2271 2257 ³
