2294 2933
946 87 1137 136 Ariadne
1165 82 1337 144 Phyficae.

289 200 626 278 >quae'latentes
667 205 861 271 prodere
902 201 1132 253 thesauros
1189 202 1359 268 pyrio?
1394 206 1555 250 MEL.
1590 200 1751 246 Nil-iil:
1784 211 1886 243 nam
1907 193 2031 241 mul-

293 280 455 330 solent.
500 278 727 326 Ramenta
749 272 997 328 metallica,
1035 283 1133 332 quae
1190 273 1247 318 tis
1265 269 1405 324 nolo,
1432 268 1583 329 paucis
1605 279 1785 325 nequeo
1805 273 2026 322 explicare

293 344 629 406 secumrapiunt
648 352 898 393 torrentes,
935 338 1130 384 vicinam
1186 337 1275 384 hoc
1308 336 1492 382 Naturae
1532 330 1809 394 prodigium.

1904 321 2025 372 uliud

276 414 506 459 mineram
527 406 745 456 testantur
770 421 780 452 z
818 405 958 450 etiam
984 414 1127 456 terra,
1183 399 1294 449 scito
1315 416 1327 459 ;
1363 401 1460 461 ejus
1487 401 1606 445 vires
1628 395 1659 442 si
1685 389 1871 441 sensisset
1892 387 2027 438 Anti-

278 491 381 539 quae
402 490 515 521 mox
536 471 1023 535 liquefacit·pruinam;
1055 468 1123 512 in-

271 542 398 589 dicat
407 541 603 587 latentes
618 539 816 592 halitus,
838 534 970 581 siccos
986 535 1038 581 ὃ(
1052 547 1124 578 ca-

277 607 424 664 lidos,
447 605 743 652 metallorum
756 602 968 649 nutrices.
1006 599 1122 645 Eos-

276 672 384 721 dem
409 669 565 735 prodit
590 681 757 715 mueor
782 667 830 713 in
859 657 1120 727 superficie,

275 740 404 788 color
418 740 468 784 in
487 736 616 784 foliis
641 731 813 780 lividus
839 768 851 787 ‚
887 729 1005 776 odor
1029 725 1119 776 sul-

266 805 489 867 phureus.
553 801 631 848 Sic
649 797 825 860 lapides
858 791 965 859 sazpe
993 792 1117 841 fodi·-

265 884 338 916 ἰη
371 866 470 915 sunt
491 864 663 912 indices
693 879 702 908 τ
735 875 845 909 nam
868 860 897 908 si
926 859 1116 906 rutilent

264 949 433 980 <eorum
458 928 597 978 frusta
619 966 635 986 ‚
670 926 699 975 fi
720 929 822 990 igne
842 921 1114 987 liquescant,

266 999 346 1045 ‘vei
373 999 602 1045 emineant
620 994 850 1057 pondere,
888 1005 1022 1045 cave,
1054 1003 1116 1034 ne

266 1077 428 1120 ’'terras,
441 1077 547 1109 nam
561 1062 665 1107 leve
680 1060 742 1105 nil
755 1057 920 1104 indicat
931 1065 1115 1102 tantum

268 1129 449 1192 pondus
470 1165 483 1183 ‚
515 1126 579 1172 nil
602 1120 776 1171 obscuri
793 1124 866 1169 hic
887 1116 1110 1183 splendor.

265 1193 372 1243 lino
385 1211 440 1241 ex
450 1191 655 1255 lapidum
667 1226 680 1244 ,
704 1189 779 1234 vel
791 1187 931 1250 glebae
941 1187 1112 1241 colore,

263 1257 384 1321 'ipsas
398 1260 537 1306 etiam
555 1248 779 1304 foffilium
798 1250 967 1315 species
988 1246 1113 1296 divi-

258 1328 392 1373 nabis
413 1342 421 1370 :
464 1336 572 1370 nam
594 1319 724 1367 color
746 1316 902 1365 viridis
929 1308 1112 1363 afflatur

262 1391 319 1439 ab
342 1403 427 1437 rere
439 1427 451 1445 ‚
476 1399 575 1435 ater
591 1385 651 1447 ab
668 1394 888 1447 argento,
913 1384 963 1431 ὃς
976 1393 1109 1437 aurO,

255 1466 518 1521 ‘purpureus
530 1451 557 1500 a
573 1451 754 1515 pyrite,
776 1445 957 1510 {luridus
973 1443 1000 1493 ἐι
1018 1446 1110 1493 cal-

261 1523 429 1570 chanto
445 1556 464 1577 ,
501 1520 704 1565 cinereus
722 1513 752 1563 a
768 1510 982 1577 sulphure
1003 1546 1022 1568 -,
1051 1510 1108 1558 ut

261 1601 357 1650 non
377 1582 569 1651 inaniter
586 1577 796 1630 ‘observat
814 1616 828 1636 ‚
860 1580 979 1625 inter
1001 1576 1107 1624 Me-

254 1648 535 1711 :tallosc‘opos'
556 1641 864 1696 facilePrimas
877 1678 892 1700 ,
917 1642 1105 1691 Kirche-

252 1732 349 1765 rus.
410 1717 513 1764 Nec
534 1725 717 1761 montes
745 1707 833 1768 suis
857 1706 1104 1761 carentin-

250 1781 384 1831 diciis
405 1797 420 1828 ‘z
452 1783 561 1828 'nam
579 1789 776 1840 vapores
801 1811 815 1831 ‚
849 1775 928 1836 qui
954 1769 1102 1820 ascen-—

253 1847 373 1895 dunt
391 1843 544 1893 versus
561 1841 799 1891 meridiem
811 1877 824 1896 ,
836 1839 1101 1903 plantarum

254 1913 438 1968 raritas,
471 1911 586 1960 &in
606 1907 812 1971 partibus
828 1942 841 1961 ,
879 1901 1101 1959 ututirri-

258 1980 377 2043 guis,
395 1972 603 2024 constans
613 1986 770 2021 tamen
781 1968 1102 2025 sterilitaS‚h'a-

257 2045 368 2092 litus
379 2035 848 2105 produntmetallicos
873 2051 888 2093 3
911 2040 1031 2081 'nam
1051 2032 1101 2081 hi

258 2105 536 2172 superficiem
560 2103 760 2152 sterilem
775 2099 1004 2157 reddunt,
1045 2110 1100 2146 ut

257 2170 360 2223 scias
375 2176 420 2222 N
424 2185 558 2236 aturae
568 2180 775 2224 morem,
793 2181 894 2229 quae
905 2161 1099 2228 pretiosa

254 2253 408 2303 tegere
427 2235 544 2286 solet
567 2233 643 2283 sub
659 2233 760 2280 vili.
825 2231 953 2280 Nihil
978 2230 1099 2277 addo

250 2306 312 2354 'de
346 2302 601 2366 Corylacea
636 2299 820 2361 virgula
843 2332 861 2354 Α,
909 2310 1009 2359 quae
1042 2292 1098 2342 ad

253 2367 443 2420 censurae
458 2367 691 2432 virgulam
705 2358 906 2428 superius
920 2363 1015 2425 jam
1029 2376 1099 2409 re·

253 2448 432 2484 vocata.

318 2499 502 2549 LEUC.
535 2495 759 2542 Naturam
779 2490 918 2539 video
940 2491 985 2538 in
999 2505 1097 2538 me-

255 2567 375 2615 tallis
403 2559 681 2614 mirabilem,
720 2560 764 2604 in
783 2555 917 2605 succis
943 2569 1096 2604 tamen

251 2626 455 2694 stupesco
499 2622 838 2690 propemodum
883 2622 1095 2669 thavma-

248 2709 448 2761 turgam.
534 2688 665 2758 Qid
700 2700 752 2738 tu
796 2687 857 2739 de
902 2687 1095 2752 pulvere

1181 471 1332 528 quitas
1350 503 1362 522 ‚
1400 465 1660 526 Cyclopum
1687 458 1865 505 malleis
1886 453 2023 501 fabri-

1176 530 1308 579 ciiffet
1361 546 1456 577 aras
1503 528 1612 575 huic
1660 524 1979 572 Phoenomeno
2006 551 2026 574 ,

1176 592 1698 659 ipsi'imqueVulcanum
1713 589 1770 636 de
1787 583 2024 636 Coelode-

1174 660 1274 709 nuo
1291 656 1542 724 dejeeiffet,
1567 669 1623 704 ut
1636 656 1758 704 illius
1770 648 1878 701 loco
1892 646 2023 698 astris

1171 723 1389 774 insereret·
1407 725 1500 773 hoc
1530 719 1803 771 monstrum.
1866 714 2021 765 Habet

1171 792 1244 839 hic
1260 789 1452 854 pulvisa
1470 786 1702 852 sulphure,
1741 782 1871 848 quod
1888 773 2024 830 facile

1170 858 1516 915 inflammetur3
1562 852 1588 901 a
1619 852 1814 900 carbone
1840 845 1971 911 quod
1998 842 2025 892 ἃ

1168 922 1283 969 flatu
1315 938 1409 969 non
1443 921 1736 981 extinguatur
1761 929 1775 974 ;
1809 913 1834 961 a
1864 915 1987 960 nitro
2006 944 2024 967 ,

1169 986 1300 1051 quod
1325 987 1576 1034 incredibili
1595 985 1750 1032 furore
1764 979 2023 1026 tumultue-

1170 1064 1259 1101 tur.
1335 1053 1444 1113 Ejus
1471 1053 1593 1098 vires
1620 1047 1738 1096 adeo
1766 1041 1866 1092 sunt
1888 1056 2021 1106 para-

1164 1119 1323 1173 doxae,
1359 1130 1410 1163 ut
1431 1116 1545 1163 mihi
1567 1111 1923 1177 Pyrotechnicus
1947 1107 2022 1155 hle

1167 1184 1258 1230 loci
1272 1182 1459 1229 celebris
1470 1219 1482 1237 ‚
1496 1179 1644 1229 sihuic
1659 1179 1803 1241 globo
1823 1169 2020 1223 terrestri

1168 1249 1504 1310 quinquaginta
1552 1241 1848 1293 solummodo
1895 1240 2018 1287 librae

1165 1312 1221 1361 fic
1242 1311 1368 1360 inseri
1379 1307 1555 1374 poffent
1572 1324 1608 1366 ,¹
1633 1323 1685 1357 ut
1703 1308 1857 1371 pulvis
1879 1303 2016 1351 undi-

1165 1392 1257 1441 que
1274 1415 1286 1434 ,
1321 1372 1558 1424 conclusus
1579 1389 1663 1437 per
1686 1371 1918 1435 Angelum
1942 1382 2015 1416 ac·

1161 1443 1457 1498 tenderetur,
1472 1439 1597 1488 haud
1616 1435 1755 1486 dubie
1773 1437 2014 1485 Tellurem

1162 1519 1315 1557 ’totam
1332 1509 1377 1555 in
1401 1504 1530 1555 mille
1558 1518 1708 1569 partes
1730 1499 1857 1549 illico
1884 1499 2014 1562 disji-

1162 1572 1383 1622 ciendam.
1481 1570 1668 1627 Celavit
1707 1571 1885 1630 Natura
1921 1566 2011 1612 hoc

1160 1634 1290 1686 suum
1312 1649 1526 1700 arcanum
1543 1674 1555 1693 ‚
1585 1637 1696 1698 quia
1716 1629 2006 1687 rariffimum,

1154 1705 1281 1751 'ultra
1308 1700 1534 1765 sexaginta
1567 1714 1791 1748 annorum
1820 1695 1970 1745 sarcula
1988 1731 2004 1752 ,

1158 1770 1270 1816 du‘m
1293 1768 1479 1816 tandem
1501 1769 1613 1814 circa
1631 1777 1801 1813 annum
1820 1759 2004 1810 millesi-

1157 1848 1288 1881 mum
1308 1832 1675 1881 *trecentesimum
1694 1865 1708 1887 ,
1742 1832 1792 1878 &
1821 1825 2003 1890 sexage-

1154 1899 1321 1948 simum
1350 1898 1465 1946 illud
1490 1894 1778 1961 “concredidit
1817 1895 2003 1956 ingenio

1151 1963 1368 2013 ‘omnium
1387 1957 1772 2027 praestantissimo,
1811 1974 1859 2006 ac
1886 1958 2003 2006 cele-

1155 2032 1354 2078 berrimo
1389 2067 1402 2086 ‚
1477 2026 1706 2089 Chymico
1779 2023 2000 2072 Bertoltlo

1153 2094 1383 2145 Sehvvarz
1429 2090 1707 2155 Fr'iburgensi
1749 2090 1958 2152 Brisgoio
1985 2123 1999 2143 ,

1155 2174 1299 2223 quern
1311 2160 1612 2221 neutiquam,
1632 2153 1914 2219 praevolante
1925 2153 2000 2215 ju-

1148 2224 1299 2282 dicio,
1335 2225 1398 2271 ob
1415 2226 1731 2271 inanenomen
1754 2218 1826 2267 hle
1847 2219 1999 2266 nomi-

1150 2305 1317 2339 natum
1330 2286 1560 2337 existimes
1582 2324 1595 2345 ‚
1627 2285 1700 2335 sed
1721 2285 1780 2333 ob
1801 2279 2000 2333 saneim

1151 2356 1214 2405 D.
1237 2351 1451 2405 Francisci
1478 2355 1502 2414 (
1521 2355 1594 2401 vel
1617 2349 1743 2415 quod
1765 2351 1861 2398 aliis
1885 2364 1996 2411 prae-

1147 2424 1345 2486 placet>
1380 2419 1443 2468 D.
1475 2414 1707 2467 Benedid‘ti
1743 2414 1997 2471 familiam,

1148 2489 1279 2549 cujus
1291 2487 1369 2534 ille
1383 2485 1613 2535 Alumnus
1633 2496 1648 2543 3
1685 2494 1785 2545 quae
1798 2485 1904 2545 quia
1919 2497 1998 2529 an-

1146 2544 1398 2616 ‘tiquiffima
1455 2550 1587 2598 fimul
1649 2550 1699 2597 &
1759 2548 1996 2595 celeberri-

1146 2630 1226 2665 ma
1245 2652 1261 2674 ‚
1296 2633 1390 2664 non
1412 2617 1569 2678 potuit
1583 2624 1680 2661 non
1700 2609 1873 2675 semper
1898 2613 1991 2658 ale·

1148 2699 1197 2731 re
1258 2678 1601 2744 gloriofiffimos
1665 2680 1929 2727 inventores
1978 2709 1993 2730 ‚

1211 2748 1373 2809 sz
1941 2740 1992 2790 ἐι

1947 88 2035 138 355
