2294 2933
300 79 397 126 33⁴·

350 186 455 246 Msi
466 193 628 233 Mam:
648 199 684 242 9'
714 198 794 246 quae
812 188 923 232 illum
944 188 1119 248 peperit,

623 253 825 306 filando,

489 317 695 376 Genuiffet
708 319 830 360 etiam
851 318 970 359 Coelo.

380 382 590 441 Infantem
614 398 712 442 pene
731 382 821 438 jam
847 392 1052 425 mortuum
1068 410 1086 436 ,

374 449 507 496 Vovit
529 447 726 505 Religioni
753 443 1043 502 renasciturum
1063 473 1083 500 ,

556 508 625 555 Ni
641 523 878 554 moreretur.

536 578 729 628 Factum,
767 588 917 618 ratum.
990 605 994 612 -

343 642 408 686 Sic
440 637 646 697 sacratam
690 640 846 682 meliori
875 642 968 697 jam
1019 640 1118 683 vitae

637 703 811 762 pradam

294 771 333 812 E
365 769 507 811 mortis
531 766 721 825 saucibus
753 773 917 814 spsitter
957 769 1104 829 eripuit
1127 796 1145 822 ,

554 835 664 880 Vera
687 837 850 878 Mater
871 837 888 886 ‚‘
1024 837 1028 840 ’

293 900 394 961 Qae
426 910 570 959 praeter
609 899 747 941 vitam
781 899 993 942 mortalem
1031 898 1147 942 dedit

390 1001 392 1004 .
545 963 591 1009 ἐξ
614 963 898 1006 immortalem.

392 1028 457 1072 Sic
481 1040 644 1086 coeptum
668 1043 717 1071 ex
743 1039 842 1071 voto
862 1028 1000 1071 vitam
1019 1056 1037 1082 ,

425 1093 620 1153 Deinceps
644 1092 765 1136 duxit
782 1092 978 1136 devotam
995 1107 1007 1136 :

291 1159 422 1205 Mori
433 1154 482 1215 se
504 1155 760 1215 credidiffet‚
796 1157 839 1215 si
863 1159 965 1202 Coelo
989 1158 1143 1203 vivere

389 1262 392 1264 .
613 1220 819 1280 renuisset.

326 1334 349 1338 ,,
477 1290 734 1345 Magnetem
761 1285 921 1345 dixisses
938 1315 956 1342 ,

350 1348 474 1400 Ades>
494 1353 618 1396 omnis
628 1353 738 1411 quies
757 1353 813 1396 illi
837 1353 1075 1412 irrequieta,

446 1423 558 1462 Dum
571 1420 611 1462 in
627 1429 747 1478 portu
767 1418 988 1477 Religionis

453 1484 633 1528 Tandem
656 1486 819 1528 invenit
834 1486 984 1543 polum.

353 1549 551 1593 Intravit
571 1577 586 1602 ‚
621 1563 692 1592 nec
712 1543 882 1609 ampliiis
901 1551 1040 1595 exivit
1057 1580 1074 1605 ,

288 1615 406 1658 Nam
424 1607 531 1658 male
544 1615 654 1657 exire
673 1616 833 1658 volenti
843 1644 885 1674 ,ὲ
898 1617 1006 1659 nulla
1023 1629 1142 1676 patet

358 1715 365 1719 .
509 1706 512 1709 ι
582 1680 666 1723 alia
680 1692 802 1739 porta
826 1709 843 1734 ‚
886 1676 888 1679 ¹
1013 1737 1017 1739 q

388 1743 488 1802 Mfi
508 1760 588 1803 quae
612 1745 723 1788 ducit
749 1745 803 1788 ad
844 1746 1038 1790 Tartara.

354 1811 548 1853 Intravit
561 1838 577 1863 ,
615 1824 684 1852 nec
693 1802 863 1869 amplias
878 1809 1048 1872 respexit
1062 1828 1075 1858 ‚·

287 1875 370 1920 Sed
411 1872 673 1935 aspiciendam
715 1877 907 1920 venturis
945 1877 1000 1920 ad
1041 1891 1136 1938 por-

675 1951 760 1983 tam

411 2006 528 2048 Hanc
547 2005 712 2062 reliquit
730 2006 979 2066 Epigraphen
1000 2021 1013 2051 .·

395 2067 440 2114 Si
455 2064 639 2128 speratis
657 2068 777 2114 bona
802 2081 994 2115 ventura
1013 2105 1024 2124 ‚

373 2133 635 2193 Sequamini
657 2136 1046 2181 Bonaventuram.

345 2196 560 2246 LEUC.
613 2194 859 2260 Apposite:
907 2196 981 2246 sed
1018 2200 1134 2247 infe-

285 2260 378 2311 rius
408 2263 645 2309 audiemus
675 2275 721 2309 te
739 2263 797 2309 de
822 2266 910 2312 hoc
932 2266 1130 2312 iterum:

285 2344 404 2374 nunc
434 2328 653 2376 naturalis
690 2331 855 2391 Magiae
883 2329 1032 2393 pande
1062 2347 1132 2377 ar-
1152 2355 1164 2363 ·

281 2393 476 2441 marium
503 2431 516 2450 ‚
558 2408 654 2455 quo
679 2403 778 2440 tota
799 2411 874 2441 me
897 2395 1130 2444 curiositas.

282 2459 416 2518 rapit.
486 2461 541 2505 Et
564 2459 692 2508 ecce!
727 2459 820 2520 jam
841 2463 886 2507 in
903 2462 1130 2523 Symbolo

283 2521 515 2569 ostendisti
536 2525 804 2584 Magnetem
818 2564 829 2582 ,
850 2528 895 2572 in
910 2530 1130 2589 Magnete

280 2587 545 2650 prodigium
566 2590 786 2636 Natum-2
820 2588 952 2639 filum
979 2592 1128 2654 porri-

203 2663 219 2677 “
273 2667 339 2716 ,ge
361 2668 470 2701 cum
490 2652 721 2703 Ariadne:

980 65 1176 117 spriada-12¹.
1198 60 1394 122 flastra..

1207 188 1291 230 Cur
1315 184 1444 233 trabit
1463 214 1480 240 ‚
1498 210 1500 212 ·
1529 186 1574 234 Θ
1596 186 1786 236 -trabitur
1814 189 2008 244 Magnes
2026 188 2049 235 ὲ,

1384 251 1501 296 -mihi
1523 244 1641 297 dicito
1663 248 1819 309 causasti
1842 267 1854 294 .·
2006 292 2008 295 .

1205 314 1348 360 Sidera
1389 329 1459 361 cur
1488 313 1715 373 sequitur,
1769 331 1850 374 quae
1898 313 2049 374 Sophus

1406 386 1409 389 '
1473 381 1593 424 ecce!
1625 381 1743 439 fugit
1761 386 1779 422 ἔ

1233 466 1238 473 <’
1264 447 1426 490 MEL.
1450 447 1548 489 Λευ
1564 438 2050 504 tangisdifficultatem

1205 504 1312 555 cum
1345 508 1494 568 tangis
1531 521 1679 558 acum*
1705 508 2048 565 Magneticam:

1205 572 1343 632 hujus
1377 574 1524 618 virtus
1556 609 1570 628 ,
1626 567 1766 634 {luam
1793 566 1956 632 paffim
1976 566 2054 616 est

1207 637 1422 683 omnibus
1444 648 1554 683 nota
1576 674 1590 692 ,
1639 650 1734 683 tam
1764 633 1841 681 est·
1858 636 2050 695 ignota:

1203 716 1313 749 nam
1334 701 1561 762 quidquid
1584 701 1741 747 dicunt
1763 700 1905 760 Sophi
1925 736 1938 755 ,
1983 697 2052 744 di-

1203 767 1389 821 vinam,
1434 768 1485 815 &
1506 768 1551 813 in
1577 767 1656 813 illa
1672 767 1778 828 plus
1797 765 2018 810 mirantur
2035 797 2049 818 ‚

1201 829 1344 893 quam
1402 830 1461 877 de
1519 832 1598 877 illa
1654 827 2051 893 philosophantur.

1202 899 1463 943 Sideritidem
1495 894 1520 942 ὲ
1551 897 1674 943 ferro
1706 933 1718 950 ,
1757 893 1886 957 quod
1916 905 2053 939 attra-

1200 962 1270 1008 hit
1292 997 1307 1016 ‚
1345 961 1578 1022 appellant
1600 961 1771 1023 Sophi3
1808 963 2050 1011 Herculeum

1199 1029 1394 1088 Lapidem
1421 1026 1537 1081 alii„
1594 1023 1654 1073 eb
1683 1022 1815 1087 quod
1844 1024 2016 1070 ferrum
2036 1057 2049 1078 ,

1197 1092 1443 1165 Qetallum
1474 1105 1626 1137 rerum
1656 1090 1867 1139 omnium
1896 1088 2050 1134 domi-

1199 1168 1291 1204 trix
1315 1157 1459 1203 veluti
1471 1171 1625 1203 novus
1638 1156 1861 1206 Hercules
1878 1153 1956 1200 fibi
1977 1153 2048 1200 faa

1197 1223 1288 1269 ciat
1300 1218 1504 1283 obsequi.
1530 1227 1752 1269 Heracleon
1763 1221 1818 1268 ab
1827 1216 2050 1267 Heraclea

1197 1286 1344 1335 Patria
1373 1287 1449 1334 alii
1473 1285 1786 1349 indigitfirunt.
1857 1280 2048 1334 Cuiosa

1197 1351 1299 1399 imo
1339 1357 1561 1414 portento
1595 1354 1810 1414 proxima
1844 1351 1945 1412 ejus
1977 1350 2046 1395 in·-

1197 1420 1359 1464 ventio
1379 1455 1393 1473 ,
1425 1418 1553 1480 cujus
1581 1418 1778 1480 gloriam
1808 1419 2011 1463 Fortuna
2030 1450 2045 1470 ,

1198 1484 1306 1545 quia
1331 1497 1440 1529 caeca
1464 1520 1478 1537 ,
1526 1481 1627 1530 casu
1657 1481 1784 1529 dedit
1813 1481 2007 1543 opilioni
2030 1493 2042 1523 :

1195 1549 1269 1595 hic
1288 1549 1400 1594 circa
1419 1549 1647 1595 Heracleae
1663 1548 1801 1595 Urbis
1821 1542 2043 1601 confinia,

1195 1611 1301 1662 cum
1315 1629 1456 1675 pecus
1471 1611 1671 1660 fortuito
1689 1612 1893 1666 duceret,
1915 1609 2040 1656 dere-

1195 1692 1334 1742 pente
1350 1676 1474 1725 sensit
1494 1678 1659 1741 pedem
1677 1678 1845 1739 lapidi,
1872 1671 2044 1738 ipsum-

1195 1761 1289 1807 que
1311 1743 1512 1805 lapidem
1529 1741 1676 1799 soleis,
1689 1743 1862 1791 liberali
1876 1778 1890 1797 ,
1909 1737 1963 1788 ut
1976 1737 2045 1787 so·

1193 1811 1258 1856 let
1281 1848 1293 1865 ‚
1328 1810 1451 1856 ferro
1475 1811 1661 1856 armatis
1688 1846 1701 1865 ,
1736 1803 2042 1854 adhaerescere.

1193 1872 1450 1936 Obstupuit
1465 1875 1542 1921 ille
1554 1912 1567 1930 ‚
1595 1871 1722 1937 quod
1735 1872 2042 1934 putabatpro-

1193 1940 1404 2003 digium:
1441 1939 1644 2001 lapidem
1672 1935 1873 1993 sustulit,
1912 1939 2043 1986 &in-

1192 2005 1425 2052 ventionis
1438 2006 1615 2052 honore
1628 2015 1888 2059 contentus,
1904 2004 2038 2049 illum

1193 2070 1379 2117 tradidit
1418 2072 1630 2133 Peripato
1681 2066 2038 2131 dijudicandum.

1190 2138 1247 2183 Et
1274 2151 1374 2182 ecce
1399 2137 1411 2186 l
1457 2151 1580 2182 mox-
1598 2131 1913 2195 Philosophica
1939 2133 2039 2178 ubi-

1189 2217 1283 2263 que
1299 2201 1401 2247 fora
1412 2198 1712 2263 perstrepere,
1737 2198 1904 2261 judicia
1916 2197 2039 2260 judi-

1188 2268 1266 2313 ciis
1279 2280 1463 2322 certare,
1482 2266 1615 2312 nullo
1625 2265 1946 2311 emolumento
1958 2261 2038 2310 nisi

1187 2328 1337 2379 forsan
1357 2330 1632 2378 raucedinis:
1665 2344 1772 2375 nam
1795 2327 1940 2376 adhuc
1955 2325 2033 2374 sub

1186 2396 1344 2458 Judice
1362 2398 1416 2443 lis
1427 2394 1494 2442 est
1503 2432 1517 2450 ,
1538 2411 1591 2441 u.-
1602 2388 1737 2456 plane
1746 2393 2033 2455 paradoxum

1186 2462 1305 2508 hunc
1323 2460 1522 2523 lapidem
1532 2475 1632 2506 non
1644 2456 1881 2517 immerito
1902 2459 2033 2506 dixe-

1183 2527 1254 2572 ris*
1282 2527 1572 2588 ingeniorum
1605 2537 1774 2570 cotem.
1842 2524 2031 2571 Kirche-

1182 2606 1260 2636 rus
1305 2587 1603 2651 Philosophiae
1641 2586 1823 2635 'curiosae
1865 2588 2030 2637 1)ιὲωο-

1181 2658 1360 2713 Parens,
1382 2657 1433 2705 &
1444 2656 1517 2703 vel
1532 2651 1640 2702 ideo
1647 2669 1738 2719 prae
1747 2655 1914 2702 caeteris
1926 2668 2029 2715 gra-

1924 2729 2027 2773 ωδ,
