2294 2933
275 67 374 117 292

277 177 375 238 jam
421 174 710 226 debellavit:
750 195 859 239 nec,
900 183 1092 246 inquam
1115 221 1130 240 ,

278 242 368 288 hoc
399 242 513 289 mihi
544 257 736 306 oggeras
755 282 769 302 ,
814 262 922 294 nam
941 248 1149 295 Admeti-

273 306 452 364 bobus,
488 309 540 358 &
572 304 669 370 ipso
715 311 886 374 Auriga
932 303 1133 360 Hercule

279 371 403 423 foret
412 387 556 433 opus,
588 373 645 420 ad
664 374 995 423 extrahendam
1005 378 1132 439 ejus-

279 436 408 484 modi
437 436 678 499 sequelam.
746 440 889 496 Dixi,
920 441 1013 488 haec
1030 438 1134 506 sup-

279 501 446 566 plenda
458 502 513 549 ad
526 513 706 564 tempus
732 521 742 547 ι
775 519 883 553 nam
904 502 1060 554 sensim
1077 506 1134 555 sic

279 564 484 615 fatiscere
513 568 698 614 Naturae
729 569 884 631 vigor,
920 585 972 619 ut
1003 589 1132 636 repa..

276 631 428 686 raudo⁴
451 647 546 677 non
578 628 848 694 superessent
887 637 1090 684 remedia
1117 674 1132 694 ,

280 696 405 758 quod
426 693 570 758 ipsum
586 696 643 743 de
663 699 854 748 Paradisi
868 715 1016 763 pomo
1033 703 1134 766 ple-

278 763 409 824 rique
422 758 617 818 assegunt
638 765 887 812 Authores.

402 828 623 876 LEUC:
647 828 858 891 Superest
876 867 890 886 ,
934 843 988 878 ut
1020 830 1133 895 quid

280 891 776 949 tandeminhominem
795 933 808 951 ,
841 895 1135 960 animamque

279 958 461 1020 corpori
479 954 773 1019 conjunrftam
793 997 806 1016 ,
843 964 1002 1025 Magia
1026 958 1133 1025 pos-

278 1022 332 1074 sit
344 1054 362 1076 ,γ
386 1038 469 1084 pro
486 1019 711 1070 discursus
729 1028 1076 1090 complemento
1086 1042 1134 1074 e-

279 1087 463 1136 doceas.
534 1095 587 1136 M
604 1102 623 1130 f·
638 1099 697 1137 lu:
731 1092 866 1138 Dabo
879 1093 1131 1154 epitomen.

280 1149 443 1202 Sensus
455 1153 802 1204 milleludibriis
812 1156 973 1205 fallere
981 1154 1136 1221 potest

281 1218 626 1267 infernalishic
652 1219 835 1268 Ludi0:
868 1238 990 1270 nunc
1009 1223 1136 1270 enim

281 1279 462 1346 spiritus
474 1286 665 1340 excitat,
692 1285 992 1347 phantasticas
1009 1287 1134 1335 ideas

280 1349 532 1412 perturbat,
558 1362 609 1395 ut
628 1349 840 1398 videtete
850 1365 1009 1414 putes,
1035 1368 1136 1415 quae

282 1408 474 1461 minime
500 1413 654 1470 vides,
705 1417 969 1480 apertisque
990 1419 1135 1466 oculis

281 1490 505 1534 caecumte
515 1479 716 1529 fatearis.
745 1484 880 1529 Nunc
898 1479 1061 1530 sensfis
1069 1484 1137 1531 in-

282 1545 605 1606 terniquoque
626 1560 898 1594 commovet
932 1563 1104 1611 organa
1122 1585 1137 1605 ,

282 1610 489 1656 utvariae
513 1606 600 1656 sese
622 1611 778 1658 levent
812 1616 1091 1661 tentationes
1121 1629 1141 1673 3

283 1674 390 1721 hinc
408 1673 487 1721 etfi
522 1675 814 1739 philtriscogi
841 1691 1042 1741 nequeat
1057 1693 1143 1726 vo-

283 1738 463 1795 luntas,
499 1739 651 1802 potest
662 1753 817 1789 tamen
833 1741 1015 1792 Alastor
1033 1746 1141 1806 Sty-

285 1805 389 1867 gius
399 1803 455 1851 sic
468 1806 645 1853 turbare
663 1807 929 1855 Facultatem
947 1809 1140 1871 phanta-

286 1867 470 1926 sticam,
533 1873 758 1919 concitare
790 1873 1010 1922 humores
1029 1911 1042 1930 ‚
1071 1874 1141 1922 in-

287 1932 530 1987 flammare
541 1934 733 1985 interius
744 1940 950 1986 membra
961 1977 974 1996 ,
996 1952 1048 1987 ut
1060 1939 1140 1987 ad·-

288 2002 432 2056 motis
457 2003 766 2049 tentationum
789 2004 1036 2062 illecebris,
1059 2021 1141 2052 ve-

219 2114 230 2122 „
287 2065 378 2112 luti
389 2065 588 2113 totidem
605 2069 825 2116 machims
845 2071 949 2133 quis
970 2066 1142 2118 laceffi-

295 2142 369 2178 tus
393 2168 405 2186 ,
445 2129 586 2178 oestro
616 2133 821 2195 quodam
843 2135 1045 2184 libidinis
1071 2136 1141 2183 di—

290 2207 508 2242 vexetur:
545 2194 676 2258 quod
695 2196 726 2247 fi
743 2196 920 2262 insuper
943 2203 1071 2249 Proci
1093 2217 1141 2248 e-

292 2256 704 2323 &yponcontinuo
733 2265 971 2327 phantasiae
998 2282 1141 2330 ogge-

286 2337 601 2385 rattentator3
635 2326 667 2374 fi
692 2342 790 2390 quae
814 2330 952 2392 digna
983 2348 1141 2379 amore

291 2405 559 2452 exaggeret,
581 2393 1049 2457 quaeindignacallide
1059 2413 1138 2446 oc-

291 2455 460 2513 cultet3
483 2458 556 2504 vel
570 2455 600 2503 s1
612 2458 656 2503 in
667 2455 753 2505 isto
761 2475 914 2507 rerum
929 2463 1136 2520 articulo,

291 2519 471 2566 accedat
483 2527 677 2569 Amator
708 2522 966 2583 maleficu33
1005 2526 1034 2574 si
1066 2529 1137 2589 pi-

290 2580 434 2631 scetur
446 2586 492 2631 in
509 2586 708 2643 turbido,
729 2585 957 2652 fuerisque
970 2593 1140 2640 artibus
1154 2628 1160 2632 Α

287 2650 478 2702 iteratos
502 2661 648 2698 tentet
668 2650 879 2714 affultus,
906 2655 1018 2719 quid
1051 2659 1141 2705 mi-

936 66 1053 123 (ἕνα
1089 64 1390 135 Philosophia.

1186 200 1313 245 rum,
1341 187 1372 237 fi
1401 191 1698 253 permittente
1721 197 1862 244 Coelo
1879 234 1892 253 ,
1936 204 2051 247 Arxz

1188 266 1261 301 tot
1288 254 1418 305 furiis
1445 272 1735 322 oppugnata,
1765 262 2035 310 tandemffa·

1188 319 1424 366 mentabili
1467 324 1583 369 Fato
1614 326 1666 374 δι
1699 341 1986 390 expugnetur
2017 330 2033 376 ?

1189 382 1343 446 potest
1354 381 1551 434 secundo
1572 393 1802 439 memoriae
1820 394 1939 441 vires
1960 395 2033 441 vel

1188 464 1378 511 augere,
1415 451 1490 498 vel
1513 450 1786 503 diminuere:
1825 474 1932 505 nam
1965 455 2037 505 su-

1187 514 1263 561 bin
1287 513 1474 575 adjuvat
1493 518 1706 568 remediis
1735 521 1951 583 physicis,
1980 522 2035 572 iit

1189 579 1488 641 Podalyrius;
1551 584 1623 631 vel
1647 587 1907 647 opportuna
1934 585 2034 651 sug-

1187 642 1418 706 gestione,
1454 644 1507 692 ut
1551 650 1860 698 Archimimus
1887 668 1905 710 ς
1959 654 2035 701 vel

1187 705 1406 765 artificio,
1441 711 1772 778 &ssrraeceptiffi
1806 713 1861 764 ut
1880 717 2038 764 Archi-

1186 771 1478 822 didascalust-
1500 773 1628 825 subin
1653 781 1708 827 ab
1738 777 1832 843 ipso
1859 797 2035 845 organo

1186 840 1368 901 repellit
1385 842 1548 898 noxia,
1582 842 1786 907 proficua
1819 848 2037 909 applicat,

1190 901 1346 966 sicque
1398 907 1585 956 roborat
1630 913 1932 967 cerebellum,
1983 925 2037 961 ut

1223 969 1329 1016 uam
1351 969 1534 1018 fortiter
1561 973 1685 1023 ideas
1703 979 1892 1034 retinet,
1943 991 2039 1025 tam

1188 985 1387 1081 adeliter
1404 1033 1552 1084 rursus
1571 1039 1752 1088 reddat:
1782 1039 1908 1089 subin
1927 1058 2040 1089 con-

1189 1100 1335 1148 trariis
1355 1103 1573 1152 omnibus
1591 1106 1710 1154 vires
1729 1109 1960 1154 memoriae
1969 1119 2041 1155 at-

1191 1166 1320 1222 terit,
1367 1164 1687 1234 Lethea‘mque
1717 1172 1888 1221 inducit
1919 1174 2040 1222 obli-

1188 1230 1395 1277 vionem.
1429 1231 1578 1283 Sed&
1595 1238 1735 1285 aciem
1747 1234 2010 1287 intellet‘ffis
2024 1274 2038 1295 ‚

1191 1295 1288 1358 pari
1313 1297 1453 1353 Fat0,
1473 1300 1547 1347 vel
1568 1315 1726 1350 acuere
1750 1300 1923 1365 potest,
1960 1305 2036 1351 vel

1190 1361 1405 1407 hebetare
1422 1375 1437 1405 t
1471 1361 1636 1412 sienim
1655 1382 1711 1414 ex
1741 1370 1899 1430 organi
1919 1369 2040 1416 vitio

1191 1421 1396 1473 nascatur
1406 1423 1565 1490 stupor
1579 1432 1820 1495 purgando
1838 1430 2041 1496 spiritus,

1192 1486 1356 1538 crassos
1363 1489 1641 1555 depellendo
1650 1498 1868 1546 humores
1879 1536 1892 1555 ‚
1919 1513 2042 1547 cere-

1192 1557 1326 1602 brum
1343 1554 1625 1619 perficiendo
1640 1599 1654 1619 ,
1693 1578 1883 1612 acumen
1903 1564 2042 1611 intel-

1193 1617 1334 1668 leehli
1346 1621 1472 1671 dabit
1481 1661 1495 1680 ‚
1522 1627 1573 1674 &
1581 1642 1640 1673 ex
1663 1639 1824 1676 trunco
1833 1630 2042 1691 ingenio·

1196 1682 1296 1732 sum
1317 1682 1486 1750 sculpet
1513 1693 1816 1741 Mercurium:
1850 1691 2007 1742 eontra
2026 1730 2040 1750 ,

1196 1749 1227 1798 si
1259 1752 1453 1800 Coelum
1484 1758 1726 1806 conniveat
1744 1796 1758 1815 ,
1790 1759 2042 1815 humorum

1196 1812 1410 1874 craffitie,
1439 1815 1676 1882 spirituum
1696 1824 2039 1881 imminutione,

1196 1883 1408 1944 antiquas
1428 1880 1561 1933 facile
1580 1888 1802 1936 immittet
1813 1891 2036 1947 tenebras,

1197 1959 1276 1994 aut
1285 1950 1444 2011 organi
1455 1952 1690 2000 attritione
1701 1951 1934 2016 stupidum
1945 1955 2042 2004 for-

1196 2013 1589 2075 mabitArcadem‚
1609 2020 1684 2067 vel
1705 2021 1898 2084 Magicis
1907 2020 2043 2083 phar-

1196 2079 1338 2127 macis
1361 2115 1374 2136 ,
1410 2080 1468 2128 de
1485 2081 1713 2144 potestate
1729 2088 1897 2133 mentis
1915 2085 2041 2148 deje-

1197 2138 1325 2190 <stum
1351 2181 1365 2201 ,
1397 2147 1443 2192 in
1469 2150 1779 2212 morotrophii
1817 2148 2040 2213 ergastula

1197 2211 1464 2271 compellet.
1528 2214 1666 2271 Sunt,
1693 2218 1771 2278 qui
1794 2212 2041 2278 suggestio-

1195 2288 1254 2320 ne
1276 2276 1532 2332 celei-timii,
1569 2278 1720 2327 doceri
1733 2276 1934 2328 scientias
1963 2296 2043 2328 ve-

1194 2339 1282 2385 lint
1293 2341 1348 2386 ab
1363 2341 1452 2388 hoc
1468 2341 1577 2390 Orci
1592 2345 1673 2392 Ma
1709 2340 1814 2392 istro
1833 2363 1844 2391 t
1865 2345 1955 2394 five
1964 2346 2046 2394 de·

1194 2404 1239 2450 in
1249 2403 1400 2452 forma
1411 2406 1567 2455 visibili
1586 2405 1628 2456 se
1639 2359 1756 2460 fiffiat
1771 2409 2044 2471 Instrustor3

1192 2467 1282 2515 five
1298 2469 1523 2520 formatas
1548 2474 1594 2520 in
1612 2474 1845 2524 aereideas
1858 2479 2042 2539 objiciat

1195 2535 1366 2594 oculis;
1400 2535 1492 2584 five
1504 2538 1740 2586 locutione
1752 2542 1889 2590 etiam
1901 2544 2042 2591 inter-

1193 2594 1250 2643 na
1275 2597 1529 2649 intelleffi'tui
1567 2620 1663 2650 non
1690 2619 1798 2653 vtam
1828 2609 2041 2667 illuceat,

1193 2661 1334 2726 quam
1350 2666 1531 2716 illudat.
1600 2671 1652 2719 In
1669 2684 1729 2720 eo
1741 2675 1960 2723 convenit
1972 2674 2040 2721 in-

1971 2751 2039 2789 tet
