<?xml version="1.0" encoding="UTF-8"?>
<!DOCTYPE html PUBLIC "-//W3C//DTD XHTML 1.0 Transitional//EN"
    "http://www.w3.org/TR/xhtml1/DTD/xhtml1-transitional.dtd">
<html xmlns="http://www.w3.org/1999/xhtml" xml:lang="en" lang="en">
 <head>
  <title>
</title>
<meta http-equiv="Content-Type" content="text/html;charset=utf-8" />
  <meta name='ocr-system' content='tesseract 3.04.00' />
  <meta name='ocr-capabilities' content='ocr_page ocr_carea ocr_par ocr_line ocrx_word'/>
</head>
<body>
  <div class='ocr_page' id='page_1' title='image "./peripateticusnos00schw_0176.png"; bbox 0 0 2294 2933; ppageno 0'>
   <div class='ocr_carea' id='block_1_1' title="bbox 41 176 234 227">
    <p class='ocr_par' dir='ltr' id='par_1_1' title="bbox 41 176 234 227">
     <span class='ocr_line' id='line_1_1' title="bbox 41 176 234 227; baseline -0.005 0"><span class='ocrx_word' id='word_1_1' title='bbox 41 176 234 227; x_wconf 65' lang='lat' dir='ltr'>iracundi</span> 
     </span>
    </p>
   </div>
   <div class='ocr_carea' id='block_1_2' title="bbox 286 70 384 116">
    <p class='ocr_par' dir='ltr' id='par_1_2' title="bbox 286 70 384 116">
     <span class='ocr_line' id='line_1_2' title="bbox 286 70 384 116; baseline 0.02 -2"><span class='ocrx_word' id='word_1_2' title='bbox 286 70 384 116; x_wconf 81' lang='lat'>160</span> 
     </span>
    </p>
   </div>
   <div class='ocr_carea' id='block_1_3' title="bbox 289 181 1138 246">
    <p class='ocr_par' dir='ltr' id='par_1_3' title="bbox 289 181 1138 246">
     <span class='ocr_line' id='line_1_3' title="bbox 289 181 1138 246; baseline -0.001 -15"><span class='ocrx_word' id='word_1_3' title='bbox 289 200 358 232; x_wconf 85' lang='lat' dir='ltr'>res</span> <span class='ocrx_word' id='word_1_4' title='bbox 379 181 422 230; x_wconf 90' lang='lat' dir='ltr'>se</span> <span class='ocrx_word' id='word_1_5' title='bbox 445 181 647 246; x_wconf 80' lang='lat' dir='ltr'>produnt</span> <span class='ocrx_word' id='word_1_6' title='bbox 687 182 846 241; x_wconf 87' lang='lat' dir='ltr'>testes,</span> <span class='ocrx_word' id='word_1_7' title='bbox 895 182 954 232; x_wconf 75' lang='lat' dir='ltr'>eo</span> <span class='ocrx_word' id='word_1_8' title='bbox 988 185 1138 245; x_wconf 78' lang='lat' dir='ltr'>majo-</span> 
     </span>
    </p>
   </div>
   <div class='ocr_carea' id='block_1_4' title="bbox 215 248 1139 312">
    <p class='ocr_par' dir='ltr' id='par_1_4' title="bbox 215 248 1139 312">
     <span class='ocr_line' id='line_1_4' title="bbox 215 248 1139 312; baseline -0.004 -14"><span class='ocrx_word' id='word_1_9' title='bbox 215 273 231 283; x_wconf 93' lang='lat'>·</span> <span class='ocrx_word' id='word_1_10' title='bbox 288 265 387 298; x_wconf 87' lang='lat' dir='ltr'>rem</span> <span class='ocrx_word' id='word_1_11' title='bbox 405 249 480 297; x_wconf 87' lang='lat' dir='ltr'>sibi</span> <span class='ocrx_word' id='word_1_12' title='bbox 501 248 750 312; x_wconf 78' lang='lat' dir='ltr'>deposcunt</span> <span class='ocrx_word' id='word_1_13' title='bbox 776 248 931 296; x_wconf 80' lang='lat' dir='ltr'>fidem.</span> <span class='ocrx_word' id='word_1_14' title='bbox 997 252 1139 310; x_wconf 88' lang='lat' dir='ltr'>Finge</span> 
     </span>
    </p>
   </div>
   <div class='ocr_carea' id='block_1_5' title="bbox 279 312 1150 2662">
    <p class='ocr_par' dir='ltr' id='par_1_5' title="bbox 279 312 1150 2662">
     <span class='ocr_line' id='line_1_5' title="bbox 284 312 1139 376; baseline -0.007 -12"><span class='ocrx_word' id='word_1_15' title='bbox 284 312 623 371; x_wconf 70' lang='lat' dir='ltr'>tibiMartialie</span> <span class='ocrx_word' id='word_1_16' title='bbox 640 331 801 376; x_wconf 87' lang='lat' dir='ltr'>campo</span> <span class='ocrx_word' id='word_1_17' title='bbox 814 315 1039 360; x_wconf 86' lang='lat' dir='ltr'>calentem</span> <span class='ocrx_word' id='word_1_18' title='bbox 1055 315 1139 359; x_wconf 88' lang='lat' dir='ltr'>eti-</span> 
     </span>
     <span class='ocr_line' id='line_1_6' title="bbox 284 377 1140 440; baseline -0.005 -11"><span class='ocrx_word' id='word_1_19' title='bbox 284 395 482 430; x_wconf 73' lang='lat' dir='ltr'>amnum</span> <span class='ocrx_word' id='word_1_20' title='bbox 521 383 861 428; x_wconf 86' lang='lat' dir='ltr'>Sauromatam:</span> <span class='ocrx_word' id='word_1_21' title='bbox 910 377 1054 440; x_wconf 83' lang='lat' dir='ltr'>gradu</span> <span class='ocrx_word' id='word_1_22' title='bbox 1089 377 1140 425; x_wconf 84' lang='lat' dir='ltr'>sit</span> 
     </span>
     <span class='ocr_line' id='line_1_7' title="bbox 282 441 1142 506; baseline -0.007 -11"><span class='ocrx_word' id='word_1_23' title='bbox 282 449 561 502; x_wconf 68' lang='lat' dir='ltr'>concitatis),</span> <span class='ocrx_word' id='word_1_24' title='bbox 611 441 762 491; x_wconf 56' lang='lat' dir='ltr'>cresto</span> <span class='ocrx_word' id='word_1_25' title='bbox 798 459 988 506; x_wconf 83' lang='lat' dir='ltr'>corpore</span> <span class='ocrx_word' id='word_1_26' title='bbox 1009 482 1023 499; x_wconf 87' lang='lat'>,</span> <span class='ocrx_word' id='word_1_27' title='bbox 1061 459 1142 490; x_wconf 84' lang='lat' dir='ltr'>ex-</span> 
     </span>
     <span class='ocr_line' id='line_1_8' title="bbox 285 510 1138 571; baseline -0.006 -12"><span class='ocrx_word' id='word_1_28' title='bbox 285 511 596 560; x_wconf 70' lang='lat' dir='ltr'>tremitatibus</span> <span class='ocrx_word' id='word_1_29' title='bbox 610 510 924 556; x_wconf 80' lang='lat' dir='ltr'>membrorum</span> <span class='ocrx_word' id='word_1_30' title='bbox 934 510 1111 571; x_wconf 88' lang='lat' dir='ltr'>magnis</span> <span class='ocrx_word' id='word_1_31' title='bbox 1124 525 1138 568; x_wconf 70' lang='grc' dir='ltr'>ς</span> 
     </span>
     <span class='ocr_line' id='line_1_9' title="bbox 291 572 1138 630; baseline -0.007 -5"><span class='ocrx_word' id='word_1_32' title='bbox 291 575 792 629; x_wconf 80' lang='lat' dir='ltr'>adstethiinierislatis‚</span> <span class='ocrx_word' id='word_1_33' title='bbox 828 575 952 620; x_wconf 89' lang='lat' dir='ltr'>collo</span> <span class='ocrx_word' id='word_1_34' title='bbox 964 572 1101 621; x_wconf 78' lang='lat' dir='ltr'>craffo</span> <span class='ocrx_word' id='word_1_35' title='bbox 1126 611 1138 630; x_wconf 90' lang='lat'>,</span> 
     </span>
     <span class='ocr_line' id='line_1_10' title="bbox 288 641 1139 702; baseline -0.005 -15"><span class='ocrx_word' id='word_1_36' title='bbox 288 645 417 689; x_wconf 79' lang='lat' dir='ltr'>venis</span> <span class='ocrx_word' id='word_1_37' title='bbox 437 641 643 702; x_wconf 88' lang='lat' dir='ltr'>undique</span> <span class='ocrx_word' id='word_1_38' title='bbox 655 641 806 686; x_wconf 86' lang='lat' dir='ltr'>calore</span> <span class='ocrx_word' id='word_1_39' title='bbox 824 641 1112 702; x_wconf 85' lang='lat' dir='ltr'>turgentibus</span> <span class='ocrx_word' id='word_1_40' title='bbox 1122 655 1139 697; x_wconf 82' lang='lat'>3</span> 
     </span>
     <span class='ocr_line' id='line_1_11' title="bbox 284 704 1142 770; baseline -0.002 -18"><span class='ocrx_word' id='word_1_41' title='bbox 284 722 384 753; x_wconf 85' lang='lat' dir='ltr'>-vox</span> <span class='ocrx_word' id='word_1_42' title='bbox 407 708 558 770; x_wconf 84' lang='lat' dir='ltr'>gravis</span> <span class='ocrx_word' id='word_1_43' title='bbox 573 704 801 752; x_wconf 83' lang='lat' dir='ltr'>desinatin</span> <span class='ocrx_word' id='word_1_44' title='bbox 822 717 1026 761; x_wconf 81' lang='lat' dir='ltr'>acutam,</span> <span class='ocrx_word' id='word_1_45' title='bbox 1064 705 1142 751; x_wconf 90' lang='lat' dir='ltr'>ab-</span> 
     </span>
     <span class='ocr_line' id='line_1_12' title="bbox 285 770 1141 834; baseline -0.004 -15"><span class='ocrx_word' id='word_1_46' title='bbox 285 771 463 820; x_wconf 90' lang='lat' dir='ltr'>undent</span> <span class='ocrx_word' id='word_1_47' title='bbox 482 770 677 834; x_wconf 88' lang='lat' dir='ltr'>spiritus,</span> <span class='ocrx_word' id='word_1_48' title='bbox 715 781 902 832; x_wconf 87' lang='lat' dir='ltr'>pateant</span> <span class='ocrx_word' id='word_1_49' title='bbox 913 783 1052 818; x_wconf 87' lang='lat' dir='ltr'>acutae</span> <span class='ocrx_word' id='word_1_50' title='bbox 1061 785 1141 816; x_wconf 90' lang='lat' dir='ltr'>na-</span> 
     </span>
     <span class='ocr_line' id='line_1_13' title="bbox 284 835 1142 900; baseline -0.002 -15"><span class='ocrx_word' id='word_1_51' title='bbox 284 853 357 885; x_wconf 84' lang='lat' dir='ltr'>res</span> <span class='ocrx_word' id='word_1_52' title='bbox 374 876 385 895; x_wconf 85' lang='lat'>‚</span> <span class='ocrx_word' id='word_1_53' title='bbox 407 835 805 900; x_wconf 85' lang='lat' dir='ltr'>crispenturcrines</span> <span class='ocrx_word' id='word_1_54' title='bbox 827 873 845 893; x_wconf 81' lang='lat'>,</span> <span class='ocrx_word' id='word_1_55' title='bbox 887 837 1073 882; x_wconf 85' lang='lat' dir='ltr'>citrinus</span> <span class='ocrx_word' id='word_1_56' title='bbox 1091 836 1142 883; x_wconf 87' lang='lat'>&amp;</span> 
     </span>
     <span class='ocr_line' id='line_1_14' title="bbox 284 900 1140 956; baseline -0.008 -5"><span class='ocrx_word' id='word_1_57' title='bbox 284 900 497 951; x_wconf 77' lang='lat' dir='ltr'>subrufus</span> <span class='ocrx_word' id='word_1_58' title='bbox 526 902 577 949; x_wconf 82' lang='lat' dir='ltr'>sit</span> <span class='ocrx_word' id='word_1_59' title='bbox 608 902 775 949; x_wconf 83' lang='lat' dir='ltr'>frontis</span> <span class='ocrx_word' id='word_1_60' title='bbox 804 902 961 956; x_wconf 87' lang='lat' dir='ltr'>color,</span> <span class='ocrx_word' id='word_1_61' title='bbox 1008 901 1140 946; x_wconf 88' lang='lat' dir='ltr'>rube-</span> 
     </span>
     <span class='ocr_line' id='line_1_15' title="bbox 283 966 1142 1028; baseline -0.007 -12"><span class='ocrx_word' id='word_1_62' title='bbox 283 966 408 1017; x_wconf 85' lang='lat' dir='ltr'>scant</span> <span class='ocrx_word' id='word_1_63' title='bbox 427 969 549 1015; x_wconf 89' lang='lat' dir='ltr'>oculi</span> <span class='ocrx_word' id='word_1_64' title='bbox 568 1005 580 1024; x_wconf 87' lang='lat'>‚</span> <span class='ocrx_word' id='word_1_65' title='bbox 614 967 733 1014; x_wconf 84' lang='lat' dir='ltr'>hirta</span> <span class='ocrx_word' id='word_1_66' title='bbox 761 968 1021 1028; x_wconf 84' lang='lat' dir='ltr'>promineat</span> <span class='ocrx_word' id='word_1_67' title='bbox 1041 967 1142 1011; x_wconf 84' lang='lat' dir='ltr'>bar-</span> 
     </span>
     <span class='ocr_line' id='line_1_16' title="bbox 279 1029 1141 1097; baseline -0.01 -15"><span class='ocrx_word' id='word_1_68' title='bbox 279 1036 351 1082; x_wconf 68' lang='lat' dir='ltr'>1&gt;ae</span> <span class='ocrx_word' id='word_1_69' title='bbox 371 1032 496 1097; x_wconf 85' lang='lat' dir='ltr'>seges</span> <span class='ocrx_word' id='word_1_70' title='bbox 510 1072 522 1091; x_wconf 83' lang='lat'>,</span> <span class='ocrx_word' id='word_1_71' title='bbox 545 1036 594 1081; x_wconf 86' lang='lat'>&amp;</span> <span class='ocrx_word' id='word_1_72' title='bbox 617 1029 843 1080; x_wconf 87' lang='lat' dir='ltr'>furiosum</span> <span class='ocrx_word' id='word_1_73' title='bbox 860 1032 1026 1094; x_wconf 88' lang='lat' dir='ltr'>fatiget</span> <span class='ocrx_word' id='word_1_74' title='bbox 1044 1036 1141 1078; x_wconf 86' lang='lat' dir='ltr'>Au-</span> 
     </span>
     <span class='ocr_line' id='line_1_17' title="bbox 280 1093 1141 1162; baseline -0.008 -14"><span class='ocrx_word' id='word_1_75' title='bbox 280 1099 430 1148; x_wconf 79' lang='lat' dir='ltr'>strum</span> <span class='ocrx_word' id='word_1_76' title='bbox 449 1117 462 1160; x_wconf 79' lang='lat'>3</span> <span class='ocrx_word' id='word_1_77' title='bbox 525 1098 718 1162; x_wconf 79' lang='lat' dir='ltr'>quadret</span> <span class='ocrx_word' id='word_1_78' title='bbox 740 1097 807 1144; x_wconf 89' lang='lat' dir='ltr'>illi</span> <span class='ocrx_word' id='word_1_79' title='bbox 832 1093 1141 1145; x_wconf 87' lang='lat' dir='ltr'>Sulmonensis</span> 
     </span>
     <span class='ocr_line' id='line_1_18' title="bbox 287 1163 1146 1229; baseline -0.009 -15"><span class='ocrx_word' id='word_1_80' title='bbox 287 1167 447 1214; x_wconf 85' lang='lat' dir='ltr'>Phoebi</span> <span class='ocrx_word' id='word_1_81' title='bbox 463 1163 768 1228; x_wconf 78' lang='lat' dir='ltr'>epithesiszora</span> <span class='ocrx_word' id='word_1_82' title='bbox 787 1172 972 1221; x_wconf 77' lang='lat' dir='ltr'>tument,</span> <span class='ocrx_word' id='word_1_83' title='bbox 989 1167 1146 1229; x_wconf 63' lang='lat' dir='ltr'>nigrej-</span> 
     </span>
     <span class='ocr_line' id='line_1_19' title="bbox 282 1227 1144 1296; baseline -0.009 -17"><span class='ocrx_word' id='word_1_84' title='bbox 282 1235 593 1296; x_wconf 70' lang='lat' dir='ltr'>cumsanguine</span> <span class='ocrx_word' id='word_1_85' title='bbox 608 1243 742 1275; x_wconf 57' lang='lat' dir='ltr'>venae.-</span> <span class='ocrx_word' id='word_1_86' title='bbox 757 1227 1144 1290; x_wconf 63' lang='lat' dir='ltr'>luminaGorgoneo</span> 
     </span>
     <span class='ocr_line' id='line_1_20' title="bbox 283 1289 1143 1362; baseline -0.013 -17"><span class='ocrx_word' id='word_1_87' title='bbox 283 1300 436 1360; x_wconf 63' lang='lat' dir='ltr'>[evitis</span> <span class='ocrx_word' id='word_1_88' title='bbox 465 1311 602 1362; x_wconf 73' lang='lat' dir='ltr'>angue</span> <span class='ocrx_word' id='word_1_89' title='bbox 630 1299 811 1354; x_wconf 60' lang='lat' dir='ltr'>micanti</span> <span class='ocrx_word' id='word_1_90' title='bbox 854 1297 904 1343; x_wconf 62' lang='grc' dir='ltr'>ἃ</span> <span class='ocrx_word' id='word_1_91' title='bbox 933 1289 1143 1354; x_wconf 75' lang='lat' dir='ltr'>nunquid</span> 
     </span>
     <span class='ocr_line' id='line_1_21' title="bbox 288 1355 1144 1414; baseline -0.011 -3"><span class='ocrx_word' id='word_1_92' title='bbox 288 1361 495 1412; x_wconf 76' lang='lat' dir='ltr'>multum</span> <span class='ocrx_word' id='word_1_93' title='bbox 507 1355 804 1410; x_wconf 62' lang='lat' dir='ltr'>influffi‘tuabis</span> <span class='ocrx_word' id='word_1_94' title='bbox 818 1396 830 1414; x_wconf 87' lang='lat'><strong>‚</strong></span> <span class='ocrx_word' id='word_1_95' title='bbox 860 1375 914 1406; x_wconf 88' lang='lat' dir='ltr'>an</span> <span class='ocrx_word' id='word_1_96' title='bbox 936 1360 1144 1406; x_wconf 88' lang='lat' dir='ltr'>indolem</span> 
     </span>
     <span class='ocr_line' id='line_1_22' title="bbox 289 1423 1148 1487; baseline -0.013 -8"><span class='ocrx_word' id='word_1_97' title='bbox 289 1432 332 1479; x_wconf 73' lang='lat' dir='ltr'>in</span> <span class='ocrx_word' id='word_1_98' title='bbox 346 1438 430 1475; x_wconf 77' lang='lat' dir='ltr'>iras</span> <span class='ocrx_word' id='word_1_99' title='bbox 441 1441 614 1487; x_wconf 78' lang='lat' dir='ltr'>pronam</span> <span class='ocrx_word' id='word_1_100' title='bbox 628 1438 724 1473; x_wconf 87' lang='lat' dir='ltr'>tam</span> <span class='ocrx_word' id='word_1_101' title='bbox 733 1425 974 1475; x_wconf 81' lang='lat' dir='ltr'>manifesta</span> <span class='ocrx_word' id='word_1_102' title='bbox 986 1423 1148 1471; x_wconf 83' lang='lat' dir='ltr'>indicia</span> 
     </span>
     <span class='ocr_line' id='line_1_23' title="bbox 287 1486 1146 1554; baseline -0.01 -12"><span class='ocrx_word' id='word_1_103' title='bbox 287 1492 638 1543; x_wconf 82' lang='lat' dir='ltr'>demonstrent?</span> <span class='ocrx_word' id='word_1_104' title='bbox 666 1493 711 1538; x_wconf 90' lang='lat' dir='ltr'>ni</span> <span class='ocrx_word' id='word_1_105' title='bbox 725 1486 1146 1554; x_wconf 69' lang='lat' dir='ltr'>credas,experiere;</span> 
     </span>
     <span class='ocr_line' id='line_1_24' title="bbox 293 1555 1146 1623; baseline -0.009 -16"><span class='ocrx_word' id='word_1_106' title='bbox 293 1574 437 1623; x_wconf 64' lang='lat' dir='ltr'>tange</span> <span class='ocrx_word' id='word_1_107' title='bbox 489 1570 700 1609; x_wconf 89' lang='lat' dir='ltr'>montem</span> <span class='ocrx_word' id='word_1_108' title='bbox 721 1595 734 1616; x_wconf 88' lang='lat'>,</span> <span class='ocrx_word' id='word_1_109' title='bbox 786 1559 837 1606; x_wconf 86' lang='lat'>&amp;</span> <span class='ocrx_word' id='word_1_110' title='bbox 866 1555 1113 1618; x_wconf 83' lang='lat' dir='ltr'>fumigabit</span> <span class='ocrx_word' id='word_1_111' title='bbox 1135 1589 1146 1609; x_wconf 94' lang='lat'>,</span> 
     </span>
     <span class='ocr_line' id='line_1_25' title="bbox 297 1621 1150 1689; baseline -0.011 -16"><span class='ocrx_word' id='word_1_112' title='bbox 297 1626 507 1674; x_wconf 85' lang='lat' dir='ltr'>flammas</span> <span class='ocrx_word' id='word_1_113' title='bbox 530 1623 655 1689; x_wconf 87' lang='lat' dir='ltr'><strong>spuet</strong></span> <span class='ocrx_word' id='word_1_114' title='bbox 674 1661 686 1679; x_wconf 94' lang='lat'>,</span> <span class='ocrx_word' id='word_1_115' title='bbox 724 1625 864 1672; x_wconf 89' lang='lat' dir='ltr'>etiam</span> <span class='ocrx_word' id='word_1_116' title='bbox 903 1621 1150 1669; x_wconf 79' lang='lat' dir='ltr'>verbulum</span> 
     </span>
     <span class='ocr_line' id='line_1_26' title="bbox 298 1684 1150 1749; baseline -0.012 -10"><span class='ocrx_word' id='word_1_117' title='bbox 298 1693 433 1739; x_wconf 84' lang='lat' dir='ltr'>ciebit</span> <span class='ocrx_word' id='word_1_118' title='bbox 456 1692 676 1747; x_wconf 78' lang='lat' dir='ltr'>fulmina,</span> <span class='ocrx_word' id='word_1_119' title='bbox 729 1691 922 1738; x_wconf 80' lang='lat' dir='ltr'>obtutus</span> <span class='ocrx_word' id='word_1_120' title='bbox 955 1684 1150 1749; x_wconf 82' lang='lat' dir='ltr'>asperior</span> 
     </span>
     <span class='ocr_line' id='line_1_27' title="bbox 298 1748 1148 1815; baseline -0.012 -10"><span class='ocrx_word' id='word_1_121' title='bbox 298 1759 508 1805; x_wconf 87' lang='lat' dir='ltr'>movebit</span> <span class='ocrx_word' id='word_1_122' title='bbox 559 1757 785 1812; x_wconf 84' lang='lat' dir='ltr'>tonitrua,</span> <span class='ocrx_word' id='word_1_123' title='bbox 818 1770 914 1801; x_wconf 86' lang='lat' dir='ltr'>non</span> <span class='ocrx_word' id='word_1_124' title='bbox 947 1748 1148 1815; x_wconf 82' lang='lat' dir='ltr'>quiescet</span> 
     </span>
     <span class='ocr_line' id='line_1_28' title="bbox 299 1820 1149 1885; baseline -0.011 -15"><span class='ocrx_word' id='word_1_125' title='bbox 299 1824 497 1879; x_wconf 88' lang='lat' dir='ltr'>inultus,</span> <span class='ocrx_word' id='word_1_126' title='bbox 530 1825 657 1885; x_wconf 85' lang='lat' dir='ltr'>cujus</span> <span class='ocrx_word' id='word_1_127' title='bbox 670 1820 913 1883; x_wconf 73' lang='lat' dir='ltr'>praecordia</span> <span class='ocrx_word' id='word_1_128' title='bbox 939 1832 1035 1866; x_wconf 81' lang='lat' dir='ltr'>tam</span> <span class='ocrx_word' id='word_1_129' title='bbox 1053 1828 1149 1863; x_wconf 88' lang='lat' dir='ltr'>tur-</span> 
     </span>
     <span class='ocr_line' id='line_1_29' title="bbox 301 1885 1146 1936; baseline -0.012 0"><span class='ocrx_word' id='word_1_130' title='bbox 301 1890 544 1936; x_wconf 84' lang='lat' dir='ltr'>bulentum</span> <span class='ocrx_word' id='word_1_131' title='bbox 602 1890 810 1933; x_wconf 88' lang='lat' dir='ltr'>nutriunt</span> <span class='ocrx_word' id='word_1_132' title='bbox 879 1885 1146 1934; x_wconf 81' lang='lat' dir='ltr'>Catilinam.</span> 
     </span>
     <span class='ocr_line' id='line_1_30' title="bbox 300 1949 1149 2015; baseline -0.012 -11"><span class='ocrx_word' id='word_1_133' title='bbox 300 1954 476 2004; x_wconf 72' lang='lat' dir='ltr'>Contra</span> <span class='ocrx_word' id='word_1_134' title='bbox 500 1951 623 2015; x_wconf 89' lang='lat' dir='ltr'>finge</span> <span class='ocrx_word' id='word_1_135' title='bbox 646 1953 742 2008; x_wconf 86' lang='lat' dir='ltr'>tibi,</span> <span class='ocrx_word' id='word_1_136' title='bbox 770 1950 1064 1998; x_wconf 85' lang='lat' dir='ltr'>moderatum</span> <span class='ocrx_word' id='word_1_137' title='bbox 1081 1949 1149 1994; x_wconf 92' lang='lat' dir='ltr'>in-</span> 
     </span>
     <span class='ocr_line' id='line_1_31' title="bbox 297 2017 1149 2078; baseline -0.004 -12"><span class='ocrx_word' id='word_1_138' title='bbox 297 2017 412 2067; x_wconf 86' lang='lat' dir='ltr'>ceffu</span> <span class='ocrx_word' id='word_1_139' title='bbox 424 2059 435 2075; x_wconf 86' lang='lat'>‚</span> <span class='ocrx_word' id='word_1_140' title='bbox 456 2021 694 2066; x_wconf 88' lang='lat' dir='ltr'>incurvato</span> <span class='ocrx_word' id='word_1_141' title='bbox 707 2019 924 2065; x_wconf 87' lang='lat' dir='ltr'>nonnihil</span> <span class='ocrx_word' id='word_1_142' title='bbox 943 2030 1149 2078; x_wconf 85' lang='lat' dir='ltr'>corpore,</span> 
     </span>
     <span class='ocr_line' id='line_1_32' title="bbox 296 2083 1149 2143; baseline -0.006 -11"><span class='ocrx_word' id='word_1_143' title='bbox 296 2087 492 2133; x_wconf 89' lang='lat' dir='ltr'>mollem</span> <span class='ocrx_word' id='word_1_144' title='bbox 503 2099 632 2130; x_wconf 88' lang='lat' dir='ltr'>carne</span> <span class='ocrx_word' id='word_1_145' title='bbox 652 2085 700 2133; x_wconf 69' lang='grc' dir='ltr'>ὃ(</span> <span class='ocrx_word' id='word_1_146' title='bbox 713 2083 973 2138; x_wconf 85' lang='lat' dir='ltr'>humidum,</span> <span class='ocrx_word' id='word_1_147' title='bbox 1001 2096 1149 2143; x_wconf 82' lang='lat' dir='ltr'>oppo-</span> 
     </span>
     <span class='ocr_line' id='line_1_33' title="bbox 295 2149 1149 2213; baseline -0.002 -15"><span class='ocrx_word' id='word_1_148' title='bbox 295 2150 485 2213; x_wconf 78' lang='lat' dir='ltr'>sitisque</span> <span class='ocrx_word' id='word_1_149' title='bbox 510 2161 725 2195; x_wconf 88' lang='lat' dir='ltr'>notatum</span> <span class='ocrx_word' id='word_1_150' title='bbox 759 2149 956 2196; x_wconf 81' lang='lat' dir='ltr'>indiciis:</span> <span class='ocrx_word' id='word_1_151' title='bbox 1010 2159 1149 2209; x_wconf 88' lang='lat' dir='ltr'>atque</span> 
     </span>
     <span class='ocr_line' id='line_1_34' title="bbox 296 2211 1148 2276; baseline -0.001 -13"><span class='ocrx_word' id='word_1_152' title='bbox 296 2232 390 2263; x_wconf 89' lang='lat' dir='ltr'>non</span> <span class='ocrx_word' id='word_1_153' title='bbox 417 2211 663 2262; x_wconf 84' lang='lat' dir='ltr'>difficulter</span> <span class='ocrx_word' id='word_1_154' title='bbox 703 2215 968 2276; x_wconf 81' lang='lat' dir='ltr'>oppositum</span> <span class='ocrx_word' id='word_1_155' title='bbox 1011 2222 1148 2262; x_wconf 75' lang='lat' dir='ltr'>Man-</span> 
     </span>
     <span class='ocr_line' id='line_1_35' title="bbox 294 2277 1146 2341; baseline -0.004 -14"><span class='ocrx_word' id='word_1_156' title='bbox 294 2286 396 2341; x_wconf 57' lang='lat' dir='ltr'>lutri</span> <span class='ocrx_word' id='word_1_157' title='bbox 420 2277 623 2341; x_wconf 58' lang='lat' dir='ltr'>effi‘typon</span> <span class='ocrx_word' id='word_1_158' title='bbox 645 2277 973 2340; x_wconf 82' lang='lat' dir='ltr'>deprehendes.</span> <span class='ocrx_word' id='word_1_159' title='bbox 1040 2281 1109 2327; x_wconf 89' lang='lat' dir='ltr'>Sic</span> <span class='ocrx_word' id='word_1_160' title='bbox 1134 2316 1146 2336; x_wconf 90' lang='lat'>‚</span> 
     </span>
     <span class='ocr_line' id='line_1_36' title="bbox 296 2343 1148 2406; baseline -0.006 -11"><span class='ocrx_word' id='word_1_161' title='bbox 296 2347 328 2395; x_wconf 87' lang='lat' dir='ltr'>fi</span> <span class='ocrx_word' id='word_1_162' title='bbox 382 2345 539 2393; x_wconf 87' lang='lat' dir='ltr'>videas</span> <span class='ocrx_word' id='word_1_163' title='bbox 588 2343 829 2390; x_wconf 88' lang='lat' dir='ltr'>hominem</span> <span class='ocrx_word' id='word_1_164' title='bbox 863 2345 1027 2406; x_wconf 82' lang='lat' dir='ltr'>capillo</span> <span class='ocrx_word' id='word_1_165' title='bbox 1062 2343 1148 2390; x_wconf 94' lang='lat' dir='ltr'>du-</span> 
     </span>
     <span class='ocr_line' id='line_1_37' title="bbox 299 2405 1147 2471; baseline -0.004 -12"><span class='ocrx_word' id='word_1_166' title='bbox 299 2427 404 2460; x_wconf 86' lang='lat' dir='ltr'>rum</span> <span class='ocrx_word' id='word_1_167' title='bbox 446 2405 647 2458; x_wconf 48' lang='lat' dir='ltr'>ereetum</span> <span class='ocrx_word' id='word_1_168' title='bbox 685 2424 908 2471; x_wconf 87' lang='lat' dir='ltr'>corpore,</span> <span class='ocrx_word' id='word_1_169' title='bbox 955 2409 1147 2471; x_wconf 89' lang='lat' dir='ltr'>pedibus</span> 
     </span>
     <span class='ocr_line' id='line_1_38' title="bbox 299 2470 1147 2532; baseline -0.005 -8"><span class='ocrx_word' id='word_1_170' title='bbox 299 2475 511 2532; x_wconf 84' lang='lat' dir='ltr'>firmum,</span> <span class='ocrx_word' id='word_1_171' title='bbox 560 2470 747 2520; x_wconf 81' lang='lat' dir='ltr'>craffi&#39;im</span> <span class='ocrx_word' id='word_1_172' title='bbox 806 2474 929 2520; x_wconf 90' lang='lat' dir='ltr'>collo</span> <span class='ocrx_word' id='word_1_173' title='bbox 964 2511 976 2528; x_wconf 88' lang='lat'>,</span> <span class='ocrx_word' id='word_1_174' title='bbox 1036 2490 1147 2521; x_wconf 90' lang='lat' dir='ltr'>ocu-</span> 
     </span>
     <span class='ocr_line' id='line_1_39' title="bbox 297 2536 1143 2600; baseline -0.006 -11"><span class='ocrx_word' id='word_1_175' title='bbox 297 2544 355 2589; x_wconf 91' lang='lat' dir='ltr'>lis</span> <span class='ocrx_word' id='word_1_176' title='bbox 386 2543 570 2589; x_wconf 86' lang='lat' dir='ltr'>fulvum</span> <span class='ocrx_word' id='word_1_177' title='bbox 591 2575 603 2594; x_wconf 91' lang='lat'>,</span> <span class='ocrx_word' id='word_1_178' title='bbox 638 2540 796 2585; x_wconf 91' lang='lat' dir='ltr'>colore</span> <span class='ocrx_word' id='word_1_179' title='bbox 824 2536 1099 2600; x_wconf 86' lang='lat' dir='ltr'>squallidum</span> <span class='ocrx_word' id='word_1_180' title='bbox 1134 2555 1143 2584; x_wconf 91' lang='lat'>:</span> 
     </span>
     <span class='ocr_line' id='line_1_40' title="bbox 297 2601 1146 2662; baseline -0.005 -6"><span class='ocrx_word' id='word_1_181' title='bbox 297 2607 333 2657; x_wconf 78' lang='lat' dir='ltr'>si</span> <span class='ocrx_word' id='word_1_182' title='bbox 364 2622 516 2655; x_wconf 86' lang='lat' dir='ltr'>cernas</span> <span class='ocrx_word' id='word_1_183' title='bbox 555 2605 696 2652; x_wconf 83' lang='lat' dir='ltr'>latera</span> <span class='ocrx_word' id='word_1_184' title='bbox 731 2601 894 2662; x_wconf 87' lang='lat' dir='ltr'>firma,</span> <span class='ocrx_word' id='word_1_185' title='bbox 928 2604 1146 2652; x_wconf 84' lang='lat' dir='ltr'>humeros</span> 
     </span>
    </p>
   </div>
   <div class='ocr_carea' id='block_1_6' title="bbox 1191 1031 1790 1091">
    <p class='ocr_par' dir='ltr' id='par_1_6' title="bbox 1191 1031 1790 1091">
     <span class='ocr_line' id='line_1_41' title="bbox 1191 1031 1790 1091; baseline 0.002 -12"><span class='ocrx_word' id='word_1_186' title='bbox 1191 1033 1310 1080; x_wconf 88' lang='lat' dir='ltr'>dum</span> <span class='ocrx_word' id='word_1_187' title='bbox 1367 1035 1505 1082; x_wconf 86' lang='lat' dir='ltr'>facies</span> <span class='ocrx_word' id='word_1_188' title='bbox 1567 1031 1749 1081; x_wconf 84' lang='lat' dir='ltr'>carnosa</span> <span class='ocrx_word' id='word_1_189' title='bbox 1779 1073 1790 1091; x_wconf 96' lang='lat'>,</span> 
     </span>
    </p>
   </div>
   <div class='ocr_carea' id='block_1_7' title="bbox 1011 58 1388 126">
    <p class='ocr_par' dir='ltr' id='par_1_7' title="bbox 1011 58 1388 126">
     <span class='ocr_line' id='line_1_42' title="bbox 1011 58 1388 126; baseline -0.008 -11"><span class='ocrx_word' id='word_1_190' title='bbox 1011 65 1154 115; x_wconf 77' lang='lat' dir='ltr'>Momi</span> <span class='ocrx_word' id='word_1_191' title='bbox 1188 58 1388 126; x_wconf 61' lang='lat' dir='ltr'>fenestra}</span> 
     </span>
    </p>
   </div>
   <div class='ocr_carea' id='block_1_8' title="bbox 1193 178 2044 307">
    <p class='ocr_par' dir='ltr' id='par_1_8' title="bbox 1193 178 2044 307">
     <span class='ocr_line' id='line_1_43' title="bbox 1193 178 2044 249; baseline 0.001 -18"><span class='ocrx_word' id='word_1_192' title='bbox 1193 186 1340 239; x_wconf 89' lang='lat' dir='ltr'>latos,</span> <span class='ocrx_word' id='word_1_193' title='bbox 1393 180 1537 232; x_wconf 86' lang='lat' dir='ltr'>costas</span> <span class='ocrx_word' id='word_1_194' title='bbox 1581 184 1808 249; x_wconf 80' lang='lat' dir='ltr'>grandes.‚</span> <span class='ocrx_word' id='word_1_195' title='bbox 1855 178 2044 232; x_wconf 84' lang='lat' dir='ltr'>dorsum</span> 
     </span>
     <span class='ocr_line' id='line_1_44' title="bbox 1194 250 2044 307; baseline 0 -10"><span class='ocrx_word' id='word_1_196' title='bbox 1194 250 1504 307; x_wconf 85' lang='lat' dir='ltr'>Atlanticum,</span> <span class='ocrx_word' id='word_1_197' title='bbox 1557 253 1629 297; x_wconf 89' lang='lat' dir='ltr'>cui</span> <span class='ocrx_word' id='word_1_198' title='bbox 1670 251 1777 300; x_wconf 70' lang='lat' dir='ltr'>tuto</span> <span class='ocrx_word' id='word_1_199' title='bbox 1813 251 2044 304; x_wconf 77' lang='lat' dir='ltr'>incumbat</span> 
     </span>
    </p>
   </div>
   <div class='ocr_carea' id='block_1_9' title="bbox 1196 304 2283 385">
    <p class='ocr_par' dir='ltr' id='par_1_9' title="bbox 1196 304 2283 385">
     <span class='ocr_line' id='line_1_45' title="bbox 1196 304 2283 385; baseline 0.005 -25"><span class='ocrx_word' id='word_1_200' title='bbox 1196 314 1460 377; x_wconf 86' lang='lat' dir='ltr'>Olympus,</span> <span class='ocrx_word' id='word_1_201' title='bbox 1497 322 1759 377; x_wconf 61' lang='lat' dir='ltr'>generosum,</span> <span class='ocrx_word' id='word_1_202' title='bbox 1797 320 1850 372; x_wconf 57' lang='grc' dir='ltr'>ξς</span> <span class='ocrx_word' id='word_1_203' title='bbox 1880 320 2043 379; x_wconf 72' lang='lat' dir='ltr'>furiem</span> <span class='ocrx_word' id='word_1_204' title='bbox 2059 304 2233 348; x_wconf 69' lang='lat' dir='ltr'><em>G‘nm&#39;</em></span> <span class='ocrx_word' id='word_1_205' title='bbox 2273 305 2283 385; x_wconf 23' lang='grc' dir='ltr'>ψ’</span> 
     </span>
    </p>
   </div>
   <div class='ocr_carea' id='block_1_10' title="bbox 1197 370 2045 509">
    <p class='ocr_par' dir='ltr' id='par_1_10' title="bbox 1197 370 2045 509">
     <span class='ocr_line' id='line_1_46' title="bbox 1197 370 2045 445; baseline 0 -19"><span class='ocrx_word' id='word_1_206' title='bbox 1197 370 1609 441; x_wconf 81' lang='lat' dir='ltr'>pronuntia,satuin</span> <span class='ocrx_word' id='word_1_207' title='bbox 1621 381 1678 428; x_wconf 89' lang='lat' dir='ltr'>de</span> <span class='ocrx_word' id='word_1_208' title='bbox 1687 380 1823 445; x_wconf 87' lang='lat' dir='ltr'>stirpe</span> <span class='ocrx_word' id='word_1_209' title='bbox 1834 383 2018 429; x_wconf 83' lang='lat' dir='ltr'>Enac&#39;un</span> <span class='ocrx_word' id='word_1_210' title='bbox 2032 417 2045 436; x_wconf 88' lang='lat'>,</span> 
     </span>
     <span class='ocr_line' id='line_1_47' title="bbox 1198 445 2044 509; baseline -0.004 -15"><span class='ocrx_word' id='word_1_211' title='bbox 1198 448 1248 494; x_wconf 89' lang='lat'>&amp;</span> <span class='ocrx_word' id='word_1_212' title='bbox 1278 445 1489 493; x_wconf 83' lang='lat' dir='ltr'>Achilleo</span> <span class='ocrx_word' id='word_1_213' title='bbox 1513 461 1569 491; x_wconf 88' lang='lat' dir='ltr'>ex</span> <span class='ocrx_word' id='word_1_214' title='bbox 1601 462 1766 509; x_wconf 84' lang='lat' dir='ltr'>genere</span> <span class='ocrx_word' id='word_1_215' title='bbox 1791 451 2044 509; x_wconf 83' lang='lat' dir='ltr'>Nepotem.</span> 
     </span>
    </p>
   </div>
   <div class='ocr_carea' id='block_1_11' title="bbox 1197 509 2273 587">
    <p class='ocr_par' dir='ltr' id='par_1_11' title="bbox 1197 509 2273 587">
     <span class='ocr_line' id='line_1_48' title="bbox 1197 509 2273 587; baseline 0.025 -30"><span class='ocrx_word' id='word_1_216' title='bbox 1197 513 1265 558; x_wconf 82' lang='lat' dir='ltr'>Ex</span> <span class='ocrx_word' id='word_1_217' title='bbox 1296 509 1510 573; x_wconf 87' lang='lat' dir='ltr'>opposito</span> <span class='ocrx_word' id='word_1_218' title='bbox 1535 547 1548 567; x_wconf 90' lang='lat'>,</span> <span class='ocrx_word' id='word_1_219' title='bbox 1606 517 1806 560; x_wconf 68' lang='lat' dir='ltr'>‘semidam</span> <span class='ocrx_word' id='word_1_220' title='bbox 1838 513 2046 582; x_wconf 51' lang='lat' dir='ltr'>lepfflssm</span> <span class='ocrx_word' id='word_1_221' title='bbox 2064 529 2225 587; x_wconf 66' lang='lat' dir='ltr'>rimidi.</span> <span class='ocrx_word' id='word_1_222' title='bbox 2270 511 2273 519; x_wconf 15' lang='grc' dir='ltr'><em>Δ</em></span> 
     </span>
    </p>
   </div>
   <div class='ocr_carea' id='block_1_12' title="bbox 1195 576 2057 1555">
    <p class='ocr_par' dir='ltr' id='par_1_12' title="bbox 1195 576 2057 1555">
     <span class='ocr_line' id='line_1_49' title="bbox 1196 576 2047 639; baseline -0.001 -17"><span class='ocrx_word' id='word_1_223' title='bbox 1196 576 1362 639; x_wconf 86' lang='lat' dir='ltr'>prodet</span> <span class='ocrx_word' id='word_1_224' title='bbox 1376 577 1571 639; x_wconf 73' lang='lat' dir='ltr'>capillus</span> <span class='ocrx_word' id='word_1_225' title='bbox 1588 577 1743 624; x_wconf 81' lang='lat' dir='ltr'>mollis</span> <span class='ocrx_word' id='word_1_226' title='bbox 1757 614 1768 632; x_wconf 93' lang='lat'>‚</span> <span class='ocrx_word' id='word_1_227' title='bbox 1803 592 1967 638; x_wconf 85' lang='lat' dir='ltr'>corpus</span> <span class='ocrx_word' id='word_1_228' title='bbox 1979 592 2047 621; x_wconf 79' lang='lat' dir='ltr'>in-</span> 
     </span>
     <span class='ocr_line' id='line_1_50' title="bbox 1197 639 2046 700; baseline 0 -12"><span class='ocrx_word' id='word_1_229' title='bbox 1197 645 1419 700; x_wconf 82' lang='lat' dir='ltr'>cur&#39;vii&#39;m3</span> <span class='ocrx_word' id='word_1_230' title='bbox 1461 642 1697 689; x_wconf 86' lang='lat' dir='ltr'>imbellem</span> <span class='ocrx_word' id='word_1_231' title='bbox 1729 639 2046 688; x_wconf 81' lang='lat' dir='ltr'>monstrabunt</span> 
     </span>
     <span class='ocr_line' id='line_1_51' title="bbox 1196 707 2049 764; baseline -0.001 -11"><span class='ocrx_word' id='word_1_232' title='bbox 1196 708 1407 755; x_wconf 85' lang='lat' dir='ltr'>imbelles</span> <span class='ocrx_word' id='word_1_233' title='bbox 1440 709 1610 764; x_wconf 84' lang='lat' dir='ltr'>lumbi,</span> <span class='ocrx_word' id='word_1_234' title='bbox 1647 707 1853 753; x_wconf 88' lang='lat' dir='ltr'>membra</span> <span class='ocrx_word' id='word_1_235' title='bbox 1893 708 1939 752; x_wconf 91' lang='lat' dir='ltr'>in</span> <span class='ocrx_word' id='word_1_236' title='bbox 1968 721 2049 752; x_wconf 86' lang='lat' dir='ltr'>ex-</span> 
     </span>
     <span class='ocr_line' id='line_1_52' title="bbox 1198 768 2050 835; baseline -0.004 -15"><span class='ocrx_word' id='word_1_237' title='bbox 1198 774 1507 821; x_wconf 86' lang='lat' dir='ltr'>tremitatibus</span> <span class='ocrx_word' id='word_1_238' title='bbox 1526 789 1692 835; x_wconf 81' lang='lat' dir='ltr'>parva,</span> <span class='ocrx_word' id='word_1_239' title='bbox 1721 786 1887 818; x_wconf 89' lang='lat' dir='ltr'>manus</span> <span class='ocrx_word' id='word_1_240' title='bbox 1911 768 2050 818; x_wconf 88' lang='lat' dir='ltr'>subti-</span> 
     </span>
     <span class='ocr_line' id='line_1_53' title="bbox 1197 837 2047 901; baseline -0.004 -17"><span class='ocrx_word' id='word_1_241' title='bbox 1197 839 1263 885; x_wconf 88' lang='lat' dir='ltr'>les</span> <span class='ocrx_word' id='word_1_242' title='bbox 1283 875 1297 893; x_wconf 90' lang='lat'>,</span> <span class='ocrx_word' id='word_1_243' title='bbox 1346 839 1522 885; x_wconf 84' lang='lat' dir='ltr'>collum</span> <span class='ocrx_word' id='word_1_244' title='bbox 1554 840 1751 901; x_wconf 81' lang='lat' dir='ltr'>longum</span> <span class='ocrx_word' id='word_1_245' title='bbox 1780 838 1828 886; x_wconf 86' lang='lat'>&amp;</span> <span class='ocrx_word' id='word_1_246' title='bbox 1855 837 2047 899; x_wconf 87' lang='lat' dir='ltr'>gracile:</span> 
     </span>
     <span class='ocr_line' id='line_1_54' title="bbox 1195 902 2048 965; baseline -0.001 -17"><span class='ocrx_word' id='word_1_247' title='bbox 1195 902 1531 965; x_wconf 79' lang='lat' dir='ltr'>pusillanimem</span> <span class='ocrx_word' id='word_1_248' title='bbox 1599 904 1728 950; x_wconf 89' lang='lat' dir='ltr'>color</span> <span class='ocrx_word' id='word_1_249' title='bbox 1790 903 1919 949; x_wconf 89' lang='lat' dir='ltr'>albus</span> <span class='ocrx_word' id='word_1_250' title='bbox 1974 902 2048 948; x_wconf 88' lang='lat' dir='ltr'>vel</span> 
     </span>
     <span class='ocr_line' id='line_1_55' title="bbox 1196 964 2050 1031; baseline -0.001 -17"><span class='ocrx_word' id='word_1_251' title='bbox 1196 966 1427 1031; x_wconf 82' lang='lat' dir='ltr'>subniger,</span> <span class='ocrx_word' id='word_1_252' title='bbox 1479 970 1670 1031; x_wconf 84' lang='lat' dir='ltr'>capillus</span> <span class='ocrx_word' id='word_1_253' title='bbox 1714 964 1920 1015; x_wconf 55' lang='lat' dir='ltr'>etesius:</span> <span class='ocrx_word' id='word_1_254' title='bbox 1959 981 2050 1015; x_wconf 87' lang='lat' dir='ltr'>tar-</span> 
     </span>
     <span class='ocr_line' id='line_1_56' title="bbox 1865 1034 2049 1081; baseline -0.011 0"><span class='ocrx_word' id='word_1_255' title='bbox 1865 1034 1915 1081; x_wconf 90' lang='lat'>&amp;</span> <span class='ocrx_word' id='word_1_256' title='bbox 1980 1045 2049 1079; x_wconf 82' lang='lat' dir='ltr'>ta-</span> 
     </span>
     <span class='ocr_line' id='line_1_57' title="bbox 1196 1099 2051 1163; baseline -0.001 -18"><span class='ocrx_word' id='word_1_257' title='bbox 1196 1114 1304 1146; x_wconf 89' lang='lat' dir='ltr'>men</span> <span class='ocrx_word' id='word_1_258' title='bbox 1341 1116 1514 1163; x_wconf 83' lang='lat' dir='ltr'>parva:</span> <span class='ocrx_word' id='word_1_259' title='bbox 1560 1099 1781 1162; x_wconf 80' lang='lat' dir='ltr'>‘denique</span> <span class='ocrx_word' id='word_1_260' title='bbox 1824 1101 1870 1145; x_wconf 92' lang='lat' dir='ltr'>in</span> <span class='ocrx_word' id='word_1_261' title='bbox 1913 1113 2051 1162; x_wconf 89' lang='lat' dir='ltr'>agen-</span> 
     </span>
     <span class='ocr_line' id='line_1_58' title="bbox 1201 1162 2051 1227; baseline -0.002 -16"><span class='ocrx_word' id='word_1_262' title='bbox 1201 1164 1263 1211; x_wconf 92' lang='lat' dir='ltr'>do</span> <span class='ocrx_word' id='word_1_263' title='bbox 1297 1164 1354 1211; x_wconf 80' lang='lat' dir='ltr'>de</span> <span class='ocrx_word' id='word_1_264' title='bbox 1388 1165 1609 1213; x_wconf 87' lang='lat' dir='ltr'>rehendes</span> <span class='ocrx_word' id='word_1_265' title='bbox 1639 1162 1748 1227; x_wconf 73' lang='lat' dir='ltr'>saepe</span> <span class='ocrx_word' id='word_1_266' title='bbox 1776 1162 2016 1212; x_wconf 88' lang='lat' dir='ltr'>confusum</span> <span class='ocrx_word' id='word_1_267' title='bbox 2037 1199 2051 1219; x_wconf 90' lang='lat'>‚</span> 
     </span>
     <span class='ocr_line' id='line_1_59' title="bbox 1196 1181 2053 1292; baseline 0.001 -17"><span class='ocrx_word' id='word_1_268' title='bbox 1196 1181 1471 1286; x_wconf 48' lang='lat' dir='ltr'>siibtriffem,</span> <span class='ocrx_word' id='word_1_269' title='bbox 1505 1242 1767 1278; x_wconf 81' lang='lat' dir='ltr'>mutantem</span> <span class='ocrx_word' id='word_1_270' title='bbox 1780 1226 1935 1292; x_wconf 71' lang='lat' dir='ltr'>saepius</span> <span class='ocrx_word' id='word_1_271' title='bbox 1949 1230 2053 1276; x_wconf 87' lang='lat' dir='ltr'>vul-</span> 
     </span>
     <span class='ocr_line' id='line_1_60' title="bbox 1201 1295 2052 1358; baseline -0.004 -16"><span class='ocrx_word' id='word_1_272' title='bbox 1201 1308 1274 1342; x_wconf 89' lang='lat' dir='ltr'>tus</span> <span class='ocrx_word' id='word_1_273' title='bbox 1296 1333 1308 1351; x_wconf 82' lang='lat'>,</span> <span class='ocrx_word' id='word_1_274' title='bbox 1351 1309 1624 1343; x_wconf 81' lang='lat' dir='ltr'>moventem</span> <span class='ocrx_word' id='word_1_275' title='bbox 1656 1297 1911 1358; x_wconf 81' lang='lat' dir='ltr'>palpebras.</span> <span class='ocrx_word' id='word_1_276' title='bbox 1981 1295 2052 1343; x_wconf 83' lang='lat' dir='ltr'>Sic</span> 
     </span>
     <span class='ocr_line' id='line_1_61' title="bbox 1199 1355 2054 1424; baseline -0.002 -16"><span class='ocrx_word' id='word_1_277' title='bbox 1199 1355 1225 1408; x_wconf 79' lang='grc' dir='ltr'>ὲ</span> <span class='ocrx_word' id='word_1_278' title='bbox 1244 1360 1507 1424; x_wconf 85' lang='lat' dir='ltr'>Philosophi</span> <span class='ocrx_word' id='word_1_279' title='bbox 1533 1362 1709 1408; x_wconf 82' lang='lat' dir='ltr'>calculo</span> <span class='ocrx_word' id='word_1_280' title='bbox 1729 1355 2054 1424; x_wconf 82' lang='lat' dir='ltr'>albus‚puri&#39;is—</span> 
     </span>
     <span class='ocr_line' id='line_1_62' title="bbox 1204 1425 2057 1489; baseline 0 -17"><span class='ocrx_word' id='word_1_281' title='bbox 1204 1441 1296 1489; x_wconf 88' lang='lat' dir='ltr'>que</span> <span class='ocrx_word' id='word_1_282' title='bbox 1322 1427 1368 1473; x_wconf 88' lang='lat' dir='ltr'>in</span> <span class='ocrx_word' id='word_1_283' title='bbox 1385 1428 1540 1475; x_wconf 88' lang='lat' dir='ltr'>fronte</span> <span class='ocrx_word' id='word_1_284' title='bbox 1557 1427 1713 1482; x_wconf 82' lang='lat' dir='ltr'>color,</span> <span class='ocrx_word' id='word_1_285' title='bbox 1755 1425 1990 1489; x_wconf 77' lang='lat' dir='ltr'>pinguedo</span> <span class='ocrx_word' id='word_1_286' title='bbox 2010 1426 2057 1472; x_wconf 74' lang='lat' dir='ltr'>isi</span> 
     </span>
     <span class='ocr_line' id='line_1_63' title="bbox 1202 1490 2052 1555; baseline -0.001 -18"><span class='ocrx_word' id='word_1_287' title='bbox 1202 1493 1349 1540; x_wconf 85' lang='lat' dir='ltr'>oculis</span> <span class='ocrx_word' id='word_1_288' title='bbox 1369 1531 1382 1549; x_wconf 90' lang='lat'>,</span> <span class='ocrx_word' id='word_1_289' title='bbox 1421 1493 1566 1541; x_wconf 87' lang='lat' dir='ltr'>facilis</span> <span class='ocrx_word' id='word_1_290' title='bbox 1590 1494 1903 1555; x_wconf 76' lang='lat' dir='ltr'>lacrymarum</span> <span class='ocrx_word' id='word_1_291' title='bbox 1932 1490 2052 1536; x_wconf 89' lang='lat' dir='ltr'>fluor</span> 
     </span>
    </p>
   </div>
   <div class='ocr_carea' id='block_1_13' title="bbox 1205 1555 2247 1686">
    <p class='ocr_par' dir='ltr' id='par_1_13' title="bbox 1205 1555 2247 1686">
     <span class='ocr_line' id='line_1_64' title="bbox 1207 1555 2246 1624; baseline 0.002 -21"><span class='ocrx_word' id='word_1_292' title='bbox 1207 1559 1412 1605; x_wconf 87' lang='lat' dir='ltr'>animum</span> <span class='ocrx_word' id='word_1_293' title='bbox 1454 1570 1587 1606; x_wconf 82' lang='lat' dir='ltr'>notat</span> <span class='ocrx_word' id='word_1_294' title='bbox 1630 1560 1960 1619; x_wconf 69' lang='lat' dir='ltr'>misericordem:</span> <span class='ocrx_word' id='word_1_295' title='bbox 2000 1555 2053 1604; x_wconf 79' lang='lat' dir='ltr'>li·-</span> <span class='ocrx_word' id='word_1_296' title='bbox 2067 1562 2216 1624; x_wconf 71' lang='lat' dir='ltr'>Mifhr&#39;</span> <span class='ocrx_word' id='word_1_297' title='bbox 2234 1593 2246 1615; x_wconf 66' lang='lat'><em>„</em></span> 
     </span>
     <span class='ocr_line' id='line_1_65' title="bbox 1205 1621 2247 1686; baseline 0 -16"><span class='ocrx_word' id='word_1_298' title='bbox 1205 1621 1380 1674; x_wconf 76' lang='lat' dir='ltr'>beralem</span> <span class='ocrx_word' id='word_1_299' title='bbox 1399 1626 1585 1673; x_wconf 79' lang='lat' dir='ltr'>humeri</span> <span class='ocrx_word' id='word_1_300' title='bbox 1604 1623 1762 1680; x_wconf 85' lang='lat' dir='ltr'>soluti,</span> <span class='ocrx_word' id='word_1_301' title='bbox 1787 1623 1926 1669; x_wconf 85' lang='lat' dir='ltr'>facies</span> <span class='ocrx_word' id='word_1_302' title='bbox 1956 1636 2053 1668; x_wconf 89' lang='lat' dir='ltr'>am—</span> <span class='ocrx_word' id='word_1_303' title='bbox 2066 1627 2215 1681; x_wconf 69' lang='lat' dir='ltr'>cordis,</span> <span class='ocrx_word' id='word_1_304' title='bbox 2242 1651 2247 1686; x_wconf 71' lang='lat'><em>3</em></span> 
     </span>
    </p>
   </div>
   <div class='ocr_carea' id='block_1_14' title="bbox 1200 1687 2055 2214">
    <p class='ocr_par' dir='ltr' id='par_1_14' title="bbox 1200 1687 2055 2214">
     <span class='ocr_line' id='line_1_66' title="bbox 1204 1687 2054 1754; baseline -0.015 -9"><span class='ocrx_word' id='word_1_305' title='bbox 1204 1688 1310 1750; x_wconf 56' lang='lat' dir='ltr'>Pla,</span> <span class='ocrx_word' id='word_1_306' title='bbox 1354 1694 1480 1740; x_wconf 88' lang='lat' dir='ltr'>frons</span> <span class='ocrx_word' id='word_1_307' title='bbox 1523 1687 1727 1754; x_wconf 74' lang='lat' dir='ltr'>superius</span> <span class='ocrx_word' id='word_1_308' title='bbox 1757 1690 1965 1735; x_wconf 86' lang='lat' dir='ltr'>elevata:</span> <span class='ocrx_word' id='word_1_309' title='bbox 2007 1697 2054 1733; x_wconf 86' lang='lat' dir='ltr'>at</span> 
     </span>
     <span class='ocr_line' id='line_1_67' title="bbox 1206 1751 2055 1815; baseline 0 -17"><span class='ocrx_word' id='word_1_310' title='bbox 1206 1755 1285 1814; x_wconf 89' lang='lat' dir='ltr'>qui</span> <span class='ocrx_word' id='word_1_311' title='bbox 1306 1756 1541 1805; x_wconf 84' lang='lat' dir='ltr'>contrariis</span> <span class='ocrx_word' id='word_1_312' title='bbox 1560 1757 1710 1803; x_wconf 84' lang='lat' dir='ltr'>notati</span> <span class='ocrx_word' id='word_1_313' title='bbox 1729 1753 1862 1815; x_wconf 84' lang='lat' dir='ltr'>signis</span> <span class='ocrx_word' id='word_1_314' title='bbox 1877 1791 1889 1808; x_wconf 94' lang='lat'>,</span> <span class='ocrx_word' id='word_1_315' title='bbox 1931 1751 2055 1799; x_wconf 89' lang='lat' dir='ltr'>duri—</span> 
     </span>
     <span class='ocr_line' id='line_1_68' title="bbox 1206 1817 2052 1885; baseline -0.001 -18"><span class='ocrx_word' id='word_1_316' title='bbox 1206 1819 1284 1868; x_wconf 88' lang='lat' dir='ltr'>tiei</span> <span class='ocrx_word' id='word_1_317' title='bbox 1302 1825 1352 1872; x_wconf 86' lang='lat'>&amp;</span> <span class='ocrx_word' id='word_1_318' title='bbox 1371 1822 1567 1870; x_wconf 83' lang='lat' dir='ltr'>avaritiae</span> <span class='ocrx_word' id='word_1_319' title='bbox 1577 1818 1848 1885; x_wconf 85' lang='lat' dir='ltr'>probrosum</span> <span class='ocrx_word' id='word_1_320' title='bbox 1865 1817 2052 1880; x_wconf 74' lang='lat' dir='ltr'>stigma.</span> 
     </span>
     <span class='ocr_line' id='line_1_69' title="bbox 1200 1886 2050 1948; baseline -0.002 -16"><span class='ocrx_word' id='word_1_321' title='bbox 1200 1889 1404 1948; x_wconf 85' lang='lat' dir='ltr'>probrosi</span> <span class='ocrx_word' id='word_1_322' title='bbox 1433 1887 1756 1935; x_wconf 81' lang='lat' dir='ltr'>circumferunt</span> <span class='ocrx_word' id='word_1_323' title='bbox 1791 1886 2050 1933; x_wconf 83' lang='lat' dir='ltr'>Eucliones.</span> 
     </span>
     <span class='ocr_line' id='line_1_70' title="bbox 1204 1953 2052 2015; baseline -0.007 -13"><span class='ocrx_word' id='word_1_324' title='bbox 1204 1953 1291 2002; x_wconf 87' lang='lat' dir='ltr'>Sed</span> <span class='ocrx_word' id='word_1_325' title='bbox 1307 1970 1402 2001; x_wconf 90' lang='lat' dir='ltr'>non</span> <span class='ocrx_word' id='word_1_326' title='bbox 1417 1964 1544 2001; x_wconf 85' lang='lat' dir='ltr'>vacat</span> <span class='ocrx_word' id='word_1_327' title='bbox 1564 1966 1811 2015; x_wconf 87' lang='lat' dir='ltr'>recoquere</span> <span class='ocrx_word' id='word_1_328' title='bbox 1822 1989 1833 2007; x_wconf 93' lang='lat'>,</span> <span class='ocrx_word' id='word_1_329' title='bbox 1861 1965 1959 2014; x_wconf 84' lang='lat' dir='ltr'>quae</span> <span class='ocrx_word' id='word_1_330' title='bbox 1976 1966 2052 1996; x_wconf 91' lang='lat' dir='ltr'>co-</span> 
     </span>
     <span class='ocr_line' id='line_1_71' title="bbox 1206 2014 2055 2083; baseline -0.007 -15"><span class='ocrx_word' id='word_1_331' title='bbox 1206 2017 1278 2068; x_wconf 67' lang='lat' dir='ltr'>&amp;a</span> <span class='ocrx_word' id='word_1_332' title='bbox 1289 2017 1464 2083; x_wconf 88' lang='lat' dir='ltr'>sparsim</span> <span class='ocrx_word' id='word_1_333' title='bbox 1478 2016 1679 2080; x_wconf 70' lang='lat' dir='ltr'>superius</span> <span class='ocrx_word' id='word_1_334' title='bbox 1695 2034 1704 2063; x_wconf 70' lang='grc' dir='ltr'><em>ι</em></span> <span class='ocrx_word' id='word_1_335' title='bbox 1725 2028 1778 2063; x_wconf 91' lang='lat' dir='ltr'>ut</span> <span class='ocrx_word' id='word_1_336' title='bbox 1786 2015 1958 2078; x_wconf 79' lang='lat' dir='ltr'>singula</span> <span class='ocrx_word' id='word_1_337' title='bbox 1969 2014 2055 2062; x_wconf 85' lang='lat' dir='ltr'>sin-</span> 
     </span>
     <span class='ocr_line' id='line_1_72' title="bbox 1205 2080 2052 2148; baseline -0.005 -17"><span class='ocrx_word' id='word_1_338' title='bbox 1205 2087 1325 2148; x_wconf 85' lang='lat' dir='ltr'>gulis</span> <span class='ocrx_word' id='word_1_339' title='bbox 1350 2086 1570 2148; x_wconf 82' lang='lat' dir='ltr'>applices,</span> <span class='ocrx_word' id='word_1_340' title='bbox 1622 2082 1747 2128; x_wconf 90' lang='lat' dir='ltr'>dabit</span> <span class='ocrx_word' id='word_1_341' title='bbox 1783 2080 2005 2142; x_wconf 87' lang='lat' dir='ltr'>judicium</span> <span class='ocrx_word' id='word_1_342' title='bbox 2039 2118 2052 2138; x_wconf 84' lang='lat'>‚</span> 
     </span>
     <span class='ocr_line' id='line_1_73' title="bbox 1206 2147 1786 2214; baseline -0.014 -14"><span class='ocrx_word' id='word_1_343' title='bbox 1206 2150 1335 2214; x_wconf 90' lang='lat' dir='ltr'>quod</span> <span class='ocrx_word' id='word_1_344' title='bbox 1351 2150 1381 2199; x_wconf 76' lang='lat' dir='ltr'>si·</span> <span class='ocrx_word' id='word_1_345' title='bbox 1404 2149 1548 2205; x_wconf 84' lang='lat' dir='ltr'>lubet,</span> <span class='ocrx_word' id='word_1_346' title='bbox 1578 2147 1786 2210; x_wconf 74' lang='lat' dir='ltr'>explora.</span> 
     </span>
    </p>
   </div>
   <div class='ocr_carea' id='block_1_15' title="bbox 1202 2272 2053 2601">
    <p class='ocr_par' dir='ltr' id='par_1_15' title="bbox 1202 2272 2053 2601">
     <span class='ocr_line' id='line_1_74' title="bbox 1268 2272 2052 2337; baseline -0.005 -11"><span class='ocrx_word' id='word_1_347' title='bbox 1268 2281 1310 2326; x_wconf 95' lang='lat' dir='ltr'>L</span> <span class='ocrx_word' id='word_1_348' title='bbox 1327 2281 1363 2326; x_wconf 91' lang='lat' dir='ltr'>E</span> <span class='ocrx_word' id='word_1_349' title='bbox 1380 2278 1476 2326; x_wconf 86' lang='lat' dir='ltr'>UC</span> <span class='ocrx_word' id='word_1_350' title='bbox 1497 2293 1506 2323; x_wconf 89' lang='lat'>:</span> <span class='ocrx_word' id='word_1_351' title='bbox 1541 2278 1595 2325; x_wconf 74' lang='lat' dir='ltr'>Id</span> <span class='ocrx_word' id='word_1_352' title='bbox 1606 2277 1663 2324; x_wconf 89' lang='lat' dir='ltr'>de</span> <span class='ocrx_word' id='word_1_353' title='bbox 1678 2291 1785 2324; x_wconf 89' lang='lat' dir='ltr'>meo</span> <span class='ocrx_word' id='word_1_354' title='bbox 1803 2273 1975 2337; x_wconf 89' lang='lat' dir='ltr'>judicio</span> <span class='ocrx_word' id='word_1_355' title='bbox 1987 2272 2052 2322; x_wconf 90' lang='lat' dir='ltr'>est</span> 
     </span>
     <span class='ocr_line' id='line_1_75' title="bbox 1203 2339 2053 2407; baseline -0.008 -15"><span class='ocrx_word' id='word_1_356' title='bbox 1203 2346 1511 2407; x_wconf 84' lang='lat' dir='ltr'>exploratum,</span> <span class='ocrx_word' id='word_1_357' title='bbox 1531 2342 1703 2392; x_wconf 83' lang='lat' dir='ltr'>&amp;mihi</span> <span class='ocrx_word' id='word_1_358' title='bbox 1719 2343 1769 2392; x_wconf 88' lang='lat'>&amp;</span> <span class='ocrx_word' id='word_1_359' title='bbox 1788 2341 1893 2396; x_wconf 89' lang='lat' dir='ltr'>tibi,</span> <span class='ocrx_word' id='word_1_360' title='bbox 1924 2339 2053 2402; x_wconf 89' lang='lat' dir='ltr'>quod</span> 
     </span>
     <span class='ocr_line' id='line_1_76' title="bbox 1202 2405 2053 2469; baseline -0.006 -13"><span class='ocrx_word' id='word_1_361' title='bbox 1202 2425 1298 2456; x_wconf 88' lang='lat' dir='ltr'>non</span> <span class='ocrx_word' id='word_1_362' title='bbox 1328 2407 1433 2457; x_wconf 75' lang='lat' dir='ltr'>raro</span> <span class='ocrx_word' id='word_1_363' title='bbox 1455 2409 1500 2454; x_wconf 89' lang='lat' dir='ltr'>in</span> <span class='ocrx_word' id='word_1_364' title='bbox 1519 2407 1740 2469; x_wconf 89' lang='lat' dir='ltr'>judicium</span> <span class='ocrx_word' id='word_1_365' title='bbox 1761 2416 1915 2468; x_wconf 89' lang='lat' dir='ltr'>peccet</span> <span class='ocrx_word' id='word_1_366' title='bbox 1937 2420 1946 2451; x_wconf 91' lang='lat'>:</span> <span class='ocrx_word' id='word_1_367' title='bbox 1981 2405 2053 2452; x_wconf 91' lang='lat' dir='ltr'>fac</span> 
     </span>
     <span class='ocr_line' id='line_1_77' title="bbox 1202 2471 2052 2536; baseline -0.006 -16"><span class='ocrx_word' id='word_1_368' title='bbox 1202 2476 1340 2536; x_wconf 87' lang='lat' dir='ltr'>igitur</span> <span class='ocrx_word' id='word_1_369' title='bbox 1361 2512 1372 2530; x_wconf 84' lang='lat'>‚</span> <span class='ocrx_word' id='word_1_370' title='bbox 1414 2471 1546 2520; x_wconf 89' lang='lat' dir='ltr'>filum</span> <span class='ocrx_word' id='word_1_371' title='bbox 1590 2474 1794 2535; x_wconf 88' lang='lat' dir='ltr'>porrigas</span> <span class='ocrx_word' id='word_1_372' title='bbox 1824 2508 1836 2526; x_wconf 87' lang='lat'>,</span> <span class='ocrx_word' id='word_1_373' title='bbox 1877 2472 1923 2516; x_wconf 90' lang='lat' dir='ltr'>in</span> <span class='ocrx_word' id='word_1_374' title='bbox 1940 2485 2052 2532; x_wconf 80' lang='lat' dir='ltr'>prae·</span> 
     </span>
     <span class='ocr_line' id='line_1_78' title="bbox 1204 2536 2052 2601; baseline -0.004 -16"><span class='ocrx_word' id='word_1_375' title='bbox 1204 2541 1345 2601; x_wconf 85' lang='lat' dir='ltr'>cipuis</span> <span class='ocrx_word' id='word_1_376' title='bbox 1359 2536 1519 2586; x_wconf 87' lang='lat' dir='ltr'>saltem</span> <span class='ocrx_word' id='word_1_377' title='bbox 1566 2536 1965 2599; x_wconf 80' lang='lat' dir='ltr'>temperamentis,</span> <span class='ocrx_word' id='word_1_378' title='bbox 1997 2546 2052 2582; x_wconf 88' lang='lat' dir='ltr'>ut</span> 
     </span>
    </p>
   </div>
   <div class='ocr_carea' id='block_1_16' title="bbox 1205 2595 2103 2663">
    <p class='ocr_par' dir='ltr' id='par_1_16' title="bbox 1205 2595 2103 2663">
     <span class='ocr_line' id='line_1_79' title="bbox 1205 2595 2103 2663; baseline -0.01 -10"><span class='ocrx_word' id='word_1_379' title='bbox 1205 2605 1407 2653; x_wconf 79' lang='lat' dir='ltr'>aberrare</span> <span class='ocrx_word' id='word_1_380' title='bbox 1425 2603 1504 2651; x_wconf 83' lang='lat' dir='ltr'>etsi</span> <span class='ocrx_word' id='word_1_381' title='bbox 1525 2604 1666 2650; x_wconf 86' lang='lat' dir='ltr'>velim</span> <span class='ocrx_word' id='word_1_382' title='bbox 1692 2639 1703 2660; x_wconf 90' lang='lat'>‚</span> <span class='ocrx_word' id='word_1_383' title='bbox 1736 2617 1831 2649; x_wconf 89' lang='lat' dir='ltr'>non</span> <span class='ocrx_word' id='word_1_384' title='bbox 1860 2595 2050 2663; x_wconf 64' lang='lat' dir='ltr'>possum</span> <span class='ocrx_word' id='word_1_385' title='bbox 2101 2609 2103 2611; x_wconf 83' lang='lat'>·</span> 
     </span>
    </p>
   </div>
   <div class='ocr_carea' id='block_1_17' title="bbox 1877 2669 2052 2715">
    <p class='ocr_par' dir='ltr' id='par_1_17' title="bbox 1877 2669 2052 2715">
     <span class='ocr_line' id='line_1_80' title="bbox 1877 2669 2052 2715; baseline -0.017 0"><span class='ocrx_word' id='word_1_386' title='bbox 1877 2669 2052 2715; x_wconf 80' lang='lat' dir='ltr'><em>MEL=</em></span> 
     </span>
    </p>
   </div>
   <div class='ocr_carea' id='block_1_18' title="bbox 2196 0 2294 2643">
    <p class='ocr_par' dir='ltr' id='par_1_18' title="bbox 2196 0 2294 2643">
     <span class='ocr_line' id='line_1_81' title="bbox 2196 0 2294 2643; baseline 0 0"><span class='ocrx_word' id='word_1_387' title='bbox 2196 0 2294 2643; x_wconf 95' lang='lat' dir='ltr'> </span> 
     </span>
    </p>
   </div>
   <div class='ocr_carea' id='block_1_19' title="bbox 2276 2619 2285 2922">
    <p class='ocr_par' dir='ltr' id='par_1_19' title="bbox 2276 2619 2285 2922">
     <span class='ocr_line' id='line_1_82' title="bbox 2276 2619 2285 2922; textangle 90"><span class='ocrx_word' id='word_1_388' title='bbox 2278 2895 2285 2922; x_wconf 35' lang='lat' dir='ltr'>U.</span> <span class='ocrx_word' id='word_1_389' title='bbox 2276 2675 2283 2837; x_wconf 32' lang='lat' dir='ltr'>mmm).</span> <span class='ocrx_word' id='word_1_390' title='bbox 2277 2641 2279 2663; x_wconf 36' lang='grc' dir='ltr'><strong>μ</strong></span> <span class='ocrx_word' id='word_1_391' title='bbox 2276 2619 2278 2622; x_wconf 37' lang='grc' dir='ltr'>ψ</span> 
     </span>
    </p>
   </div>
  </div>
 </body>
</html>
