2294 2933
69 2487 218 2550 filert.

837 94 1062 139 Academia
1089 96 1324 139 Brutorum.

252 224 391 272 guere
412 218 636 270 cogantur
657 208 844 254 famem.
962 208 1090 278 Qid

252 275 400 326 dicam
427 272 482 321 de
502 273 714 333 Polypo?
749 273 875 334 eligit
898 275 974 319 ille
995 290 1089 319 me-

251 338 435 393 dia‚non
449 339 598 382 minus
614 347 716 398 apta
727 337 781 383 ad
798 336 837 384 se
848 342 988 383 tuenti
995 353 1089 392 um,

251 401 462 462 nepraeda
481 399 576 456 fiat,
601 416 742 462 quam
763 414 1022 463 opportuna
1035 402 1091 447 ad

251 464 569 526 decipiendum
597 502 610 520 ‚
652 478 701 510 ut
727 467 922 527 praedam
942 467 1091 512 faciat.

253 533 375 577 Nam
390 528 566 575 hostem
584 544 686 575 cum
710 532 875 576 metuit
890 567 902 585 ‚
939 528 1092 576 subtus

252 593 355 642 saxa
398 593 566 640 desidet
611 607 738 640 tutus
767 631 779 649 ,
835 591 1094 656 eorumque

253 660 458 705 colorem
484 658 538 705 lic
558 658 707 704 induit
726 695 738 713 ‚
769 669 820 704 ut
843 673 943 704 cum
958 662 1094 706 Batto

247 725 296 770 in
310 721 463 769 saxum
476 720 714 784 obriguisse
726 723 892 768 diceres
909 741 916 767 :
934 725 1025 784 sict]
1034 739 1093 769 ue

247 786 385 851 pisces
401 789 595 849 majores
615 788 758 848 fugit,
784 789 982 834 minores
1004 788 1090 834 fal-

248 855 325 909 l‘it3
358 853 442 898 hos
458 853 579 897 enim
596 889 608 906 ,
633 853 760 898 velut
775 852 829 897 ad
850 850 1002 899 saxum
1024 856 1090 899 in-

248 920 425 963 cautius
468 915 733 962 adnatantes
771 917 960 964 brachiis
1004 914 1090 963 suis

249 997 330 1028 ceu
345 981 517 1027 retibus
529 983 690 1042 carpit,
710 978 936 1042 capitque.
1016 981 1093 1027 uid

248 1045 308 1092 de
320 1046 505 1107 Aquila3
520 1061 612 1091 non
627 1046 770 1092 oculis
785 1045 943 1100 modo,
961 1043 1001 1091 se
1045 1048 1094 1095 &

210 1112 212 1114 ’
252 1111 437 1172 ingenio
449 1106 695 1156 acutifi'ima
709 1112 721 1155 ?
734 1108 1031 1157 Testudinem
1043 1122 1093 1157 ut

251 1186 443 1221 venetur
465 1212 477 1229 ,
518 1173 680 1221 testam
708 1174 763 1220 ad
790 1171 891 1220 saxa
921 1173 1093 1221 allisam

249 1240 439 1300 frangit,
466 1241 533 1285 uti
551 1234 669 1286 male
689 1236 814 1285 sensit
838 1239 997 1286 infelix
1011 1242 1093 1287 AE-

251 1301 429 1365 schylus
441 1341 453 1359 ,
482 1305 613 1365 cujus
629 1304 810 1350 calvitie
827 1303 1014 1365 decepta
1033 1310 1094 1351 A·

251 1370 379 1431 quil-a
399 1366 696 1430 improvisum
716 1366 983 1429 prostravit,
1015 1368 1094 1414 de-

248 1431 584 1495 cepitque‚cum
599 1431 798 1494 ipseFata
807 1432 1011 1495 decipere
1029 1434 1096 1478 ni-

253 1509 439 1547 teretur.
477 1497 564 1545 Sed
577 1500 625 1546 &
639 1504 756 1545 Area
775 1499 980 1545 Falconis
997 1496 1097 1544 inss-

252 1562 349 1609 dias
366 1565 566 1609 vitatura
581 1600 593 1618 ,
626 1564 818 1623 notisque
839 1567 1005 1625 paludes
1028 1566 1097 1608 de-

248 1627 352 1689 serit
368 1659 384 1684 ,
422 1643 543 1688 atque
564 1628 820 1690 altamfitpra
847 1632 967 1674 volat
979 1632 1098 1674 Area

256 1695 408 1739 nubem.
514 1691 661 1761 Qod
697 1691 727 1738 fi
760 1690 941 1738 hostem
970 1688 1097 1753 supe-

253 1758 423 1818 riorem
450 1753 491 1803 se
521 1752 733 1818 conspicit
759 1792 772 1811 ,
816 1754 1024 1818 resupino
1051 1758 1098 1800 in

255 1832 437 1883 tergora
459 1819 603 1868 rostro
624 1858 637 1876 ,
675 1822 805 1869 velut
835 1833 969 1867 acuto
993 1821 1097 1866 lon-

257 1880 416 1948 goque
437 1883 606 1948 spiculo
623 1922 636 1942 ‚
684 1887 849 1948 excipit
874 1900 987 1932 caeco
1012 1886 1096 1930 im-

257 1964 369 2013 petu
391 1952 436 1997 in
457 1948 498 1997 se
517 1963 727 1997 ruentem
749 1987 761 2006 ‚
797 1948 1056 2011 transadigit
1082 1986 1095 2004 ‚

260 2017 399 2067 vincit
423 2053 436 2072 ,
489 2017 563 2062 vel
596 2012 754 2062 saltem
779 2032 873 2061 non
903 2016 1098 2060 moritur

257 2082 418 2127 inulta.
485 2084 558 2127 De
579 2079 760 2127 Perdice
781 2080 836 2127 fic
859 2080 1093 2141 Stagirita:

259 2141 346 2192 clim
375 2150 428 2193 ad
451 2150 555 2192 illius
589 2149 725 2191 nic‘lum
754 2147 953 2206 accefferit
988 2148 1096 2204 quis-

252 2215 360 2274 piam
380 2243 397 2267 ,
425 2214 643 2274 provolvit
659 2209 743 2271 sese
767 2225 862 2256 ante
882 2212 999 2271 pedes
1018 2226 1096 2255 ve-

257 2279 393 2322 nantis
409 2307 427 2332 ,
462 2276 595 2336 sicque
622 2278 745 2321 allicit
764 2278 957 2321 hominem
981 2276 1034 2318 ad
1051 2271 1097 2332 ft

261 2343 489 2402 capiendam
512 2371 530 2398 ‚
595 2357 716 2399 usque
751 2342 844 2386 dum
875 2342 971 2401 pulli
997 2338 1096 2398 effu-

256 2409 403 2466 giant:
436 2418 520 2452 tum
537 2407 582 2455 89⁹
607 2404 688 2467 ipsa
710 2409 882 2460 avolat,
910 2417 1097 2450 revocat-

260 2487 335 2531 que
344 2473 506 2532 prolem.
545 2471 619 2515 De
636 2468 795 2516 eadem
814 2467 1094 2515 Plutarchus:

197 2558 200 2560 ·
262 2535 467 2595 affuefacis
504 2537 628 2596 pullos
668 2566 685 2591 ,
743 2548 908 2595 urgente
953 2548 1099 2594 aucupe

255 2600 390 2660 'jacere
434 2599 595 2661 supinos
617 2630 633 2655 ,
688 2600 909 2660 injetfbdque
953 2600 1099 2659 corpori

254 2661 375 2728 gleba
420 2668 541 2713 velut
579 2677 801 2727 tegumento
846 2664 994 2725 fallere
1035 2667 1099 2710 in-

1898 102 1985 155 '343

1467 205 1594 278 Qid
1619 209 1754 271 igitur
1778 209 1946 256 mirum
1969 246 1982 264 ,

1145 273 1175 320 fi
1196 311 1206 326 ,
1241 271 1372 335 quod
1393 271 1730 335 Cosmographi
1758 272 1947 320 afferunt
1971 309 1984 328 ,

1144 339 1367 384 Nationes
1395 337 1445 384 sit
1477 339 1679 384 invenire
1707 335 1783 384 sub
1811 339 1951 384 Coelo
1971 374 1985 392 ,

1148 404 1225 464 qui
1251 404 1295 448 in
1310 403 1462 449 Brutis
1481 404 1703 449 rationem
1726 402 1878 447 colant
1901 403 1988 446 hu-

1149 466 1284 513 mana
1306 462 1445 529 longe
1468 467 1727 528 majorem?
1764 464 1875 527 quid
1905 467 1992 509 mi-

1150 548 1247 577 rum
1262 569 1273 586 ,
1297 530 1425 593 quod
1441 533 1738 578 Barbarorum
1755 545 1849 576 non
1876 529 1995 574 nulli

1149 598 1371 657 proRege
1391 598 1606 658 recipiant
1628 598 1828 651 Canem,
1868 587 1993 654 eji'is-

1151 676 1241 721 que
1274 661 1460 706 nutibus
1490 658 1796 722 obsequantur
1823 660 1838 704 ?
1877 655 1990 719 quid

1148 728 1334 779 mirum,
1347 723 1478 786 qu‘ud
1490 727 1573 772 (3:11
1583 726 1705 786 igula
1715 722 1991 784 Sonipeclem

1149 785 1278 834 suum
1306 792 1521 835 creaverit
1557 787 1808 837 Consulem
1842 788 1857 833 ?
1917 782 1990 832 sed

1146 869 1230 915 pro
1273 854 1505 914 completo
1551 850 1775 900 fermento
1829 848 1990 897 serviat

1147 916 1439 979 stratagema,
1465 933 1560 979 quo
1572 918 1828 978 SimiaJulii
1841 918 1990 975 Impe-

1149 986 1309 1028 ratoris
1323 998 1415 1028 non
1431 977 1665 1044 ingeniose
1679 979 1992 1041 minits‚quam

1148 1042 1298 1107 lepide
1320 1043 1448 1092 suum
1467 1043 1702 1093 consecuta
1725 1044 1790 1092 est
1812 1043 1953 1090 finem
1977 1058 1988 1088 τ

1149 1109 1372 1158 castaneas
1387 1148 1399 1166 ,
1419 1110 1565 1157 calido
1576 1107 1808 1156 conmotas
1829 1110 1993 1162 cinere,

1149 1188 1200 1222 ut
1225 1174 1248 1222 a
1273 1176 1380 1222 foco
1399 1176 1594 1236 cleperet
1623 1172 1751 1220 illesa
1771 1212 1783 1229 ,
1837 1187 1991 1219 catum

1147 1242 1337 1286 obvium
1353 1240 1520 1301 arripit,
1535 1239 1851 1300 mutuatisque
1870 1238 1994 1284 illius

1148 1305 1341 1366 pedibus
1365 1342 1377 1359 ,
1423 1305 1550 1349 velut
1578 1302 1838 1365 opportuna
1859 1299 1990 1349 fusci-

1150 1368 1256 1416 nula
1274 1407 1288 1423 ,
1326 1365 1507 1415 cunRas
1521 1369 1737 1431 harpagat
1750 1367 1991 1420 indemnis,

1151 1449 1244 1480 non
1260 1431 1446 1480 sollicita
1465 1434 1521 1479 de
1535 1435 1683 1480 alieno
1696 1432 1889 1485 damno,
1919 1428 1991 1475 sed

1153 1499 1209 1545 de
1238 1496 1315 1544 suo
1340 1499 1661 1559 emolumento
1692 1498 1791 1543 laeta
1820 1533 1831 1550 ‚
1883 1495 1991 1556 quia

1155 1561 1322 1610 satiata.
1335 1565 1436 1625 Jam
1448 1578 1535 1625 ego
1550 1575 1592 1608 te
1605 1578 1681 1623 per
1692 1575 1877 1607 omnem
1889 1562 1991 1606 Sta-

1153 1630 1296 1690 giram
1317 1627 1477 1689 adjuro
1500 1627 1611 1688 quid
1624 1627 1681 1672 de
1698 1627 1766 1672 his
1779 1625 1991 1671 omnibus

1151 1689 1451 1754 Philosophus
1466 1689 1828 1746 sentiasscordata
1841 1700 1996 1734 mente

1154 1755 1350 1803 edissere.
1372 1757 1416 1804 Si
1429 1754 1617 1802 adversae
1627 1757 1764 1817 partis
1776 1753 1995 1802 Tribunal

1153 1822 1399 1883 appellem,
1411 1822 1465 1867 lis
1478 1820 1651 1881 pridem
1665 1817 1806 1865 decisa
1821 1816 1907 1864 est:
1937 1833 1994 1863 ex

1150 1901 1263 1932 caeco
1287 1887 1546 1947 ignorantiae
1567 1882 1690 1945 asylo
1718 1884 2014 1944 depromen--

1152 1963 1224 1998 tur
1236 1952 1362 1996 mille
1374 1946 1622 2003 instinffrus,
1640 1951 1824 1995 Naturae
1842 1947 1992 1993 deter-

1150 2015 1365 2062 minantis
1389 2015 1585 2075 impetus
1603 2012 1692 2060 sine
1711 2009 1801 2059 fine
1819 2049 1831 2067 ‚
1876 2011 1993 2058 anti-

1151 2081 1347 2142 pathici,
1402 2075 1763 2140 sympathicique
1798 2073 1990 2123 effe&us

1151 2145 1240 2191 sine
1253 2159 1446 2189 numero
1459 2179 1471 2198 ‚
1490 2144 1670 2205 quibus,
1693 2142 1824 2188 velut
1841 2142 2011 2202 Ajacis·

1150 2210 1344 2270 clypeo,
1380 2208 1747 2270 impugnantium
1776 2207 1865 2253 tela
1899 2219 1992 2250 non

1150 2271 1245 2321 tam
1256 2271 1456 2328 elidunt,
1475 2271 1614 2335 quam
1631 2271 1838 2318 eludunt.
1879 2271 1993 2317 Avi-

1152 2339 1279 2393 cula,
1307 2338 1546 2400 inquiunt,
1581 2353 1665 2400 pro
1689 2333 1992 2383 construendo

1152 2402 1314 2449 nidulo
1351 2403 1571 2464 colligens
1603 2403 1782 2463 paleam
1815 2437 1827 2455 ‚
1896 2413 1993 2444 non

1153 2462 1384 2529 cognoscit
1429 2466 1567 2513 medii
1605 2466 1953 2528 proportionem
1977 2498 1993 2517 ,

1155 2529 1228 2579 sed
1256 2531 1553 2593 apprehendit
1580 2524 1822 2576 merissime
1857 2533 1997 2575 nidum

1157 2600 1202 2648 ἐξ
1226 2601 1380 2659 paleam
1410 2629 1427 2653 ‚
1476 2599 1526 2644 &
1562 2593 1693 2656 quod
1727 2610 1813 2657 prae
1845 2591 1996 2654 lapide

1155 2662 1338 2708 attollat
1348 2662 1526 2723 paleam
1537 2697 1550 2718 ‚
1571 2663 1754 2709 Naturae
1767 2654 1996 2708 inst'm&ui

1216 2727 1245 2775 S
1266 2741 1288 2773 s
1330 2739 1358 2776 2
1948 2723 1996 2768 in

1146 212 1353 270 dagantes.
