2294 2933
62 1632 93 1676 1.
107 1629 268 1680 desom.

316 71 408 109 110

321 191 400 225 na:
435 171 850 222 namharmoniacis
866 172 1013 234 Orphi
1037 173 1166 218 blan-

320 240 447 287 ditiis
473 241 646 287 intenta
673 239 844 292 anima,
881 237 1070 285 &velut
1088 250 1168 281 ex-

322 306 481 358 tatica,
513 297 646 351 facile
677 298 789 348 solet
822 298 1027 346 sensuum
1050 299 1170 345 obli-

319 366 446 415 visci:
493 368 597 414 hinc
617 363 839 428 spiritibus
855 379 934 410 eos
947 361 1169 418 destituit,

320 449 441 496 quos
458 432 514 480 ad
527 431 734 478 auditum
749 439 973 475 convocat
987 464 1000 484 ,
1040 430 1090 478 &
1110 428 1167 474 ad

314 497 507 545 muficos
544 504 790 542 concentus
823 494 964 539 invita
974 503 1006 539 t.
1104 493 1167 540 Hi

315 564 449 625 proin
460 576 545 622 pro
566 556 718 604 innatzi
739 555 894 603 indole
904 557 1165 613 humorem,

314 626 346 674 fi
369 623 578 687 quemibi
598 623 839 669 inveniunt
857 659 870 676 ,
910 619 1093 669 solvunt
1121 625 1166 668 in

313 690 510 747 halitum
529 704 540 733 ε
566 687 782 749 atqueita
800 686 1009 733 auditum
1021 702 1165 748 vapo-

312 755 436 801 ribus
451 752 773 799 obnubilatum
786 788 800 806 ‚
832 747 1077 813 sensusque
1094 767 1165 798 re-

308 819 497 880 liquos,
540 814 764 879 spiritibus
795 813 1064 871 destitutos,
1094 815 1163 862 fa-

314 877 484 930 cillime
500 879 641 929 subire
653 877 767 928 solet
778 879 975 941 jucunda
988 881 1133 942 quies.

376 1012 520 1058 LEU
535 1012 590 1059 C.
646 1011 756 1057 Non
781 1021 900 1056 caret
931 1008 1166 1056 cerebrum

309 1077 474 1124 nativo
483 1076 631 1122 calore
645 1112 658 1131 ,
678 1073 757 1121 nifi
771 1074 949 1129 fallant,
975 1073 1065 1120 five
1078 1073 1166 1120 fal-

309 1141 463 1188 lantur
497 1141 615 1186 inter
657 1136 958 1201 Philosophos
998 1139 1160 1184 multi:

311 1220 408 1267 quo
423 1207 562 1267 igitur
585 1200 722 1265 pafro
738 1204 997 1265 congelabit
1020 1218 1164 1265 vapo-

311 1285 414 1316 rum
444 1266 783 1316 ascendentium
805 1269 971 1330 globos
999 1269 1013 1313 ?
1066 1283 1161 1330 quo

309 1330 448 1397 paSto
458 1334 687 1396 congelati
699 1331 802 1381 suos
819 1331 1048 1380 obstruere
1062 1348 1107 1378 m
1115 1349 1160 1379 e-

311 1411 413 1446 atus
437 1396 646 1461 possunt?
694 1405 813 1446 ME
826 1404 878 1445 L.
910 1401 1019 1444 Non
1039 1409 1159 1444 caret

309 1464 545 1511 cerebrum
570 1465 700 1510 omni
729 1463 880 1510 calore
899 1499 911 1518 ,
975 1459 1048 1510 sed
1076 1477 1159 1508 nec

307 1541 428 1576 caret
455 1528 830 1590 majorifrigore3
872 1529 919 1573 n‘1‘
931 1528 1053 1573 enim
1070 1527 1159 1573 fal-

309 1594 391 1648 lat,
414 1593 505 1640 five
517 1593 704 1640 fallatur
723 1594 840 1639 inter
857 1589 1158 1653 Philosophos

307 1659 544 1721 Princeps,
579 1659 811 1705 cerebrum
838 1654 983 1719 magis
1006 1656 1159 1702 omni-

309 1725 393 1770 bus
414 1724 616 1785 partibus
629 1721 1021 1783 abundatfrigore.
1044 1756 1047 1758 -
1106 1719 1158 1767 Id

306 1785 465 1835 saltem
475 1803 568 1834 non
583 1788 666 1835 ibis
690 1785 882 1843 inficias,
921 1784 1006 1832 effe
1029 1785 1157 1846 frigi-

306 1852 410 1899 dius
429 1851 589 1898 corde:
631 1849 701 1898 uti
715 1848 853 1913 ergo,
888 1848 1157 1897 testePhilo-

306 1915 475 1979 sopho,
497 1927 715 1979 vapores,
753 1915 857 1963 solis
871 1909 1154 1961 caloreehu-

309 1981 444 2028 midis
476 1994 599 2028 terrae
625 1978 864 2027 visceribus
895 1977 1151 2042 surgentes,

314 2048 357 2091 in
369 2048 554 2107 regione
574 2045 687 2093 neris
706 2044 856 2091 medis]
870 2081 883 2099 ,
918 2043 975 2091 fic
987 2058 1155 2104 conge—

309 2110 484 2165 lantur,
505 2123 555 2155 ut
575 2111 619 2155 in
641 2125 807 2170 aquam
821 2108 930 2155 verli
944 2145 956 2163 ,
995 2108 1048 2154 ad
1064 2111 1156 2153 ima

308 2172 388 2220 suo
408 2174 608 2235 pondere
636 2173 857 2231 recidant3
889 2172 942 2219 fic
968 2171 1156 2218 calidio-

307 2254 378 2285 res
394 2239 630 2284 ventriculi
649 2238 817 2284 halitus
831 2274 843 2292 ,
880 2238 924 2283 in
942 2236 1070 2284 Zonir
1083 2252 1155 2283 ce-

309 2304 424 2349 rebri
445 2300 612 2364 frigida
643 2302 774 2348 nullo
805 2303 994 2361 negotio
1045 2317 1153 2347 con-

308 2366 634 2429 stringuntur,-
663 2378 714 2412 ut
747 2364 957 2412 deorsum
995 2363 1151 2411 denuo

311 2432 415 2478 trufi
439 2468 452 2486 ,
502 2432 625 2478 viam
670 2427 892 2493 spiritibus
937 2431 1150 2475 interclu-

310 2495 436 2542 dant.

376 2561 415 2607 L
439 2560 539 2606 EU
562 2560 616 2606 C.
666 2559 893 2620 Fatigatio
942 2553 1073 2618 saepe,
1118 2557 1149 2604 fi

307 2620 609 2687 nonsemper,
645 2620 709 2670 est
725 2624 934 2686 genetrix
958 2611 1149 2681 sudoris,

940 84 943 85 ν
989 57 1166 117 Virgula
1198 54 1400 117 Mo‘rphci

1223 166 1435 231 adeoque
1456 169 1505 218 &
1535 167 1634 215 avia
1650 167 1877 224 ficcitatiS,
1919 182 2059 232 quam

1225 231 1361 280 sudor
1387 235 1433 280 in
1460 234 1676 281 membris
1703 247 1910 296 generat:
1947 232 2070 280 unde

1224 298 1452 360 igiturilla
1465 296 1670 360 suppetet
1682 299 1912 346 halituum
1923 300 2071 360 copia,

1227 377 1325 425 quae
1352 363 1589 410 obnubilet
1616 365 1874 419 cerebrum,
1909 356 2072 410 fessos·

1226 427 1488 489 queoculos
1501 426 1556 473 ad
1568 424 1712 474 somni
1730 430 1934 490 quietem
1948 429 2072 474 clau-

1221 491 1326 538 dat?
1363 499 1439 540 M
1447 497 1483 537 E
1496 497 1548 540 L.
1604 491 1749 557 Qod
1767 495 1967 554 fatigatio
1999 489 2071 538 su-

1221 556 1383 603 dorem
1428 558 1606 618 corpori
1641 558 1891 617 exprimat,
1929 571 2070 603 nemo

1220 621 1482 683 negaverit,
1514 620 1594 667 nifi
1607 621 1805 682 pulvillo
1821 619 1990 684 semper
2002 622 2070 668 af-

1219 682 1340 732 fixus
1360 684 1650 747 Endymion:
1674 682 1806 734 sed&
1823 686 1987 733 eodem
1997 701 2070 733 ca-

1219 751 1320 797 lore
1340 751 1587 805 humores,
1623 765 1741 812 quos
1769 752 1815 797 in
1851 753 2068 800 membris

1218 815 1322 861 hinc
1355 815 1462 861 inde
1495 811 1741 877 dispersos,
1778 810 2071 863 constrffios-

1220 894 1310 940 que
1328 880 1498 940 frigore
1527 881 1726 936 invenit,
1747 877 1899 937 solvit,
1924 882 2071 942 lique-

1222 945 1348 999 facit,
1375 946 1425 992 &
1438 945 1641 990 alimenti
1656 942 1766 992 loco
1785 957 2002 1007 evaporat
2013 944 2070 992 ad

1221 1009 1469 1055 cerebrum.
1525 1041 1527 1043 ι
1590 1007 1736 1076 Qod
1754 1045 1766 1063 ,
1824 1009 1853 1056 fi
1888 1007 2069 1057 deficiat

1222 1073 1449 1135 ejusmodi
1462 1073 1656 1129 humor,
1688 1070 1841 1121 deficit
1867 1071 2067 1131 somnus,

1220 1138 1425 1185 laborem
1454 1139 1611 1200 vigilia
1633 1140 1817 1200 excipit.
1893 1140 2012 1186 Hinc
2035 1138 2069 1187 fi

1219 1203 1386 1259 nimio,
1424 1197 1669 1265 subitoque
1686 1216 1822 1249 motu
1844 1202 2069 1251 exhaustae

1217 1266 1525 1329 fintcorporis
1537 1272 1654 1314 vires
1668 1304 1681 1323 ,
1719 1265 1904 1314 somnus
1925 1268 1980 1316 ad
1994 1265 2067 1317 us-

1216 1348 1306 1394 que
1317 1331 1574 1395 deliquium
1587 1329 1896 1394 obessepotest
1920 1350 1929 1379 :
1956 1349 2064 1389 nam

1215 1396 1322 1445 cum
1345 1398 1507 1444 caloris
1544 1398 1758 1460 reliquias
1792 1397 1846 1443 ad
1890 1400 2067 1445 interna

1217 1461 1365 1509 cordis
1380 1463 1628 1524 penetralia
1665 1474 1873 1518 revocet,
1909 1464 2062 1511 moles

1215 1529 1418 1589 corporis
1430 1525 1668 1588 spirituum
1678 1528 1837 1590 vigore
1849 1526 2064 1576 destituta

1215 1590 1369 1640 deficit
1387 1630 1399 1649 ,
1437 1593 1489 1643 &
1518 1589 1789 1640 collabascit.

1281 1723 1319 1767 L
1332 1722 1427 1769 EU
1441 1723 1496 1770 C.
1532 1724 1591 1770 Et
1606 1722 1823 1769 alimenta
1846 1735 2034 1783 quoque
2047 1756 2062 1777 ,

1214 1784 1450 1847 TeJudice
1465 1823 1477 1842 ,
1516 1784 1723 1833 somnum
1746 1787 1816 1831 vel
1840 1799 2060 1842 movent,

1214 1851 1288 1896 vel
1323 1865 1621 1911 promovent.
1713 1852 1778 1897 Ut
1803 1850 1914 1912 quid
1947 1848 2061 1913 ergo

1210 1914 1372 1962 multis
1385 1952 1396 1971 ,
1416 1914 1647 1979 variisque
1657 1915 1818 1968 eduliis
1827 1928 2060 1978 gravatos,

1211 1975 1397 2026 somn‘us
1408 1981 1530 2043 fugit
1545 2019 1558 2037 ‚
1578 1994 1683 2028 utut
1697 1982 1819 2027 votis
1844 1981 2058 2028 omnibus

1210 2044 1459 2091 invitetur?
1513 2052 1690 2094 MEL.
1727 2046 1846 2107 Ignis
1868 2042 2057 2091 suffoca-

1212 2120 1285 2154 tur
1306 2109 1446 2156 nimii
1474 2112 1706 2172 lignorum
1733 2111 1966 2171 congerie3
2005 2112 2056 2159 &

1212 2172 1514 2234 quidnicalor
1526 2189 1714 2236 quoque
1730 2177 1934 2229 nativus,
1974 2175 2057 2222 ali-

1210 2251 1371 2285 mento
1385 2239 1529 2285 nimio
1543 2240 1785 2285 obruatur?
1807 2239 1912 2284 hinc
1927 2238 2053 2287 tarda

1209 2298 1452 2358 concoctio
1476 2340 1489 2360 ,
1549 2303 1702 2350 tardus
1742 2314 1911 2365 vapor,
1972 2305 2053 2366 qui

1210 2363 1423 2413 somnum
1447 2369 1672 2414 conciliat.
1727 2369 1948 2415 Cibotum
1964 2385 2052 2417 va-

1205 2432 1339 2478 rietas
1367 2429 1649 2479 stomachum
1684 2433 1730 2478 in
1771 2430 1925 2478 officio
1957 2450 2054 2482 non

1206 2507 1300 2542 tam
1333 2496 1488 2557 juvat,
1551 2496 1690 2559 quiun
1733 2498 1902 2544 variat:
1940 2498 2046 2546 hinc

1206 2556 1428 2608 &uastatio
1463 2562 1704 2623 frequens,
1760 2578 1858 2623 quae
1885 2578 2048 2625 corpus

1205 2625 1293 2672 huc
1328 2625 1434 2672 illuc
1456 2625 1626 2684 versat,
1662 2630 1712 2679 &
1738 2642 1980 2738 vapores,s
1992 2643 2050 2692 ne

1975 2706 2050 2740 ur·-
