2294 2933
214 82 329 138 436-
842 78 978 138 Hydra
1005 76 1125 141 nostri
1156 79 1375 144 Temporis.

221 197 395 252 duxere
407 194 661 268 psamista
676 198 841 268 Qubus
855 211 976 252 ceras
990 197 1072 244 suae

223 270 414 332 originis
435 268 603 318 debent
623 267 847 334 praemiffie
860 265 1070 330 Jansenii.

225 333 367 390 Dixi,
419 333 551 397 qubd
579 337 672 398 jam
702 336 761 381 ibi
792 334 1074 396 proclamata

228 400 280 450 sit
309 405 460 447 Gratia
488 404 644 451 viltrix
664 414 770 447 cum
795 399 1075 446 detrimento

228 467 483 515 libertatis:
539 468 589 514 &
618 466 751 516 ecce!
784 517 787 521 ,
811 461 1077 527 praemiffam

231 528 425 595 Jansenii
439 532 748 593 impiam‚quae
759 531 853 592 jam
867 543 965 576 tuin
981 524 1078 590 pes-

229 596 387 645 simam
413 593 517 658 post
542 593 583 642 se
611 606 808 642 traxerat
829 592 1079 645 conclusio:

231 676 353 710 nem.
424 662 740 721 Crocitavcrat
763 661 899 716 alter,
938 672 1081 721 quem

233 727 507 776 Cerinthum
518 725 712 774 historia:
724 726 966 782 nominant
978 761 989 780 ,
1010 724 1079 770 in*

234 808 348 856 gens
375 790 398 839 a
421 794 481 838 D.
523 795 659 839 Petro
678 789 969 838 commissum
996 789 1079 835 fla-

235 859 428 922 gitium,
459 855 592 920 qubtl
623 858 678 911 ad
698 858 874 905 Gentes
900 851 1080 903 descen-

237 925 388 970 derit:
461 940 538 970 non
600 927 704 970 enim
762 923 960 982 Christum
1010 926 1082 982 pro'

241 991 416 1036 winnibus
488 992 610 1034 etiam
678 990 911 1049 Infidelibus
977 1003 1083 1032 mor—

244 1072 371 1101 tuum.
443 1056 528 1102 En'z'
562 1049 1084 1115 particularemJansenii

242 1136 299 1167 ex
325 1135 415 1181 qua
427 1119 654 1166 conclusio
675 1117 878 1180 sequitur
901 1117 1085 1170 univer-

242 1181 391 1232 saliter
412 1182 521 1232 falsa
544 1186 708 1248 impia,
739 1186 790 1233 &
815 1177 1085 1230 scandalosa.

241 1251 332 1301 Sed
372 1250 485 1314 quid
519 1265 608 1313 ego
644 1251 690 1297 in
727 1248 987 1311 particulari
1011 1261 1089 1293 me

243 1332 397 1365 errore
441 1315 657 1363 detineo?
718 1315 816 1367 dixi
857 1309 1092 1359 universas

243 1381 585 1446 propemodum
605 1378 789 1427 haereses
822 1379 877 1431 in,
891 1376 1089 1425 seconti-

244 1459 356 1496 nent
377 1442 891 1509 particularesjansenii.
963 1442 1092 1510 Qid

248 1514 400 1573 euim?
434 1513 645 1560 Simones
669 1511 828 1559 scimus
853 1506 992 1571 impie
1008 1509 1092 1557 Di-

249 1580 406 1627 vinam
438 1579 641 1626 licitatos
671 1578 904 1626 Gratiam:
940 1571 1094 1637 Janse-

249 1647 381 1693 nium
414 1644 626 1691 videmus
666 1659 749 1706 pro
802 1641 959 1689 Gratia
981 1641 1096 1687 libe-

249 1726 354 1759 rum
386 1707 632 1757 vendidisse
643 1708 903 1761 arbitrium,
930 1704 1100 1753 nundi-

251 1789 463 1825 natorem
504 1775 651 1838 magis
688 1770 946 1827 scelestum,
992 1772 1102 1834 quia

256 1846 308 1894 &
331 1845 463 1898 Deo,
496 1844 545 1890 &
582 1840 783 1888 libertati
803 1838 1100 1885 humanaein-

254 1911 440 1973 jurium.
489 1904 1099 1955 AriosinDivinuanil'tum

257 1973 420 2022 scimus
444 1970 725 2035 sacrilegi033
754 1972 799 2016 in
817 1981 967 2017 totam
987 1965 1103 2015 verb

259 2041 536 2090 Trinitatem
554 2035 838 2101 Janfenium:
896 2032 1002 2081 cum
1020 2037 1103 2082 Pa-

261 2119 378 2154 trem
402 2105 511 2152 facit
540 2101 784 2167 injustum,
816 2102 927 2163 quia
955 2100 1105 2162 praeci—

259 2173 464 2235 pientem
486 2166 800 2232 impoffibilia:
824 2167 1000 2214 'Filium
1020 2166 1104 2211 im-

263 2238 428 2284 mitem
448 2261 482 2293 ‚>
513 2237 620 2298 quia
656 2250 748 2281 non
772 2247 857 2295 pro
890 2233 1108 2278 omnibus

266 2316 531 2351 mortuum:
575 2297 874 2348 Personarum
904 2310 1108 2359 accepta-

269 2382 420 2416 torem
458 2367 679 2428 Spiritum
707 2360 924 2413 Sanstiim
943 2393 965 2421 ,
1003 2375 1110 2424 quia

266 2449 363 2480 non
384 2433 603 2480 omnibus
621 2427 856 2478 necessaria
873 2428 1111 2475 eonferen-

266 2510 363 2546 tem
385 2498 568 2544 auxilia.
666 2495 970 2544 Manichaeum
994 2494 1107 2539 deli·

269 2560 376 2611 raffe
403 2560 619 2609 scimusin
640 2553 1015 2621 mali'principi03
1041 2560 1109 2603 in-

271 2627 410 2676 sanire
439 2626 651 2674 videmus
674 2625 970 2689 jansenium,
1002 2622 1109 2670 cum

269 2696 427 2742 Deum
477 2692 587 2740 facit
640 2693 750 2741 mali
796 2689 1110 2752 Principium.

1127 198 1370 266 Pelagium
1399 195 1658 270 scimusper
1691 208 1877 256 Naturae
1901 207 1974 255 vi·-

1130 284 1199 315 res
1245 269 1409 316 tollere
1446 270 1613 319 Gratiae
1634 269 1972 335 necessitatem,

1131 334 1348 404 novimus
1394 334 1657 398 Jansenium
1703 355 1780 400 per
1807 340 1976 388 Gratiae

1131 397 1442 448 necelhtatem
1471 402 1634 455 tollere
1645 405 1830 450 Naturae
1841 406 1976 460 vires,

1135 465 1482 513 &libertatem
1547 468 1808 524 Lutherum
1842 470 1979 516 novi-

1135 545 1238 577 mus
1273 545 1354 591 per
1371 528 1510 577 fidem
1534 533 1768 580 eliminare
1797 530 1937 581 fidem
1958 549 1979 595 5·

1133 592 1395 659 Jansenium
1425 612 1506 658 per
1522 598 1734 645 Gratiam
1758 600 1802 645 in
1829 599 1981 645 homi-

1134 662 1268 707 nibus
1290 659 1520 708 destruere
1532 663 1741 711 Gratiam
1755 701 1766 720 ,
1790 662 1986 712 simul&

1135 723 1293 772 fidem.
1384 728 1586 775 Calvino
1610 726 1772 776 scimus
1797 728 1983 776 easdem

1137 790 1327 853 quidem
1360 788 1448 839 effe
1478 808 1587 841 cum
1628 792 1838 857 Jansenio
1873 808 1987 857 prae·

1137 854 1287 904 missas
1302 893 1315 912 ‚
1337 854 1619 920 Discipulam
1639 872 1792 907 tamen
1809 896 1821 915 ,
1851 859 1984 908 inA'r-

1139 935 1187 969 te
1207 921 1421 969 videmus
1437 925 1729 986 Superiorem
1744 923 1985 987 Magistro,

1141 988 1249 1050 quia
1269 999 1506 1050 argutatur
1524 987 1757 1046 subtilius,
1792 1005 1896 1036 cum
1920 992 1987 1036 in-

1141 1051 1296 1101 audita
1328 1054 1554 1116 hypocrisi
1576 1052 1674 1104 suas
1713 1055 1989 1102 concordare

1141 1114 1321 1181 JaE‘titat
1337 1134 1442 1165 cum
1458 1120 1655 1170 Ecclefiae
1665 1118 1873 1169 doetrinfi
1881 1134 1993 1184 prae-

1142 1180 1312 1231 miffas.
1379 1182 1483 1233 En!
1521 1182 1993 1250 quiiminunaJanse·

1144 1250 1208 1296 nii
1225 1247 1376 1298 haerefi
1385 1248 1617 1300 universas
1634 1251 1995 1316 propemodum,

1148 1330 1264 1381 quas
1281 1328 1490 1378 unquam
1502 1316 1655 1366 Orcus
1666 1318 1898 1373 evomuit,
1922 1332 1996 1365 re-

1148 1381 1380 1443 pullulare
1412 1384 1639 1431 cemimus
1668 1380 1871 1430 haereses.

1213 1446 1432 1495 LEUC.
1478 1449 1690 1504 Habent,
1743 1444 1799 1496 iit
1832 1445 1998 1503 video,

1151 1508 1283 1573 quod
1314 1513 1598 1574 triumphent
1635 1514 1849 1570 Tartara,
1901 1524 1996 1560 tam

1151 1577 1348 1639 peritum
1377 1575 1510 1625 nacta
1530 1580 1575 1626 in
1598 1576 1809 1641 Jansenio'
1830 1578 1996 1640 Sophi-

1151 1640 1264 1688 stam
1280 1679 1294 1698 ‚
1319 1643 1401 1705 qui
1419 1658 1542 1706 quos
1556 1643 1732 1694 divifim
1749 1645 1930 1706 reliqui,
1951 1644 1999 1693 in

1153 1722 1299 1754 unum
1323 1723 1486 1757 omnes
1497 1710 1689 1772 collegit
1700 1710 1926 1770 fallacias,
1949 1719 2002 1755 ut

1154 1788 1272 1820 unus
1293 1772 1503 1836 perderet
1521 1772 1783 1837 universos.
1851 1774 2007 1822 Habet

1154 1836 1287 1900 quod
1303 1840 1502 1901 plaudat
1520 1837 1749 1891 Haeresum
1774 1834 2006 1903 ingeniosa

1154 1907 1342 1951 Parens:
1389 1921 1496 1952 nam
1525 1905 1668 1953 edidit
1694 1909 1875 1955 Parrum
1891 1943 1904 1962 ,
1925 1905 2006 1952 he·

1161 1970 1569 2034 teroclitolngenio
1581 1968 1660 2017 suo
1674 1968 1936 2035 digniffimu
1943 1984 2010 2026 m,

1162 2035 1272 2097 quia
1293 2037 1606 2085 continentem
1619 2051 1782 2084 omnes
1793 2038 2008 2100 Ingenio·
2038 2048 2045 2051 '

1161 2116 1263 2147 rum
1295 2102 1500 2150 abortus.
1532 2103 1698 2164 Attigit
1717 2103 1884 2150 Gloriae
1907 2116 2011 2149 ver-

1164 2179 1323 2222 ticem,
1349 2166 1478 2227 dum(
1492 2183 1572 2230 per
1591 2168 1757 2215 Gratiae
1774 2167 1908 2229 ipsius
1922 2165 2010 2212 do—

1162 2234 1368 2287 minum,
1397 2233 1491 2294 jam
1512 2231 2011 2287 lnferorumstabilivit

1164 2299 1438 2359 Imperium:
1489 2297 1603 2344 dum
1642 2312 1726 2359 pro
1775 2297 2012 2358 gentilitio

1167 2360 1290 2409 scuto
1324 2360 1550 2424 Iprensem
1581 2362 2009 2418 exhibetlnfulam5

1167 2443 1253 2491 pro
1282 2427 1525 2490 insignibus
1558 2437 1629 2474 tot
1655 2426 1896 2490 epomides
1925 2428 2013 2473 So·-

1166 2494 1384 2555 phorum.
1483 2494 1661 2548 Habet,
1696 2508 1773 2539 cur
1811 2491 2011 2555 gaudeat

1165 2556 1381 2605 scelerum
1430 2558 1587 2605 nutrix
1614 2559 1856 2620 Impietas:
1900 2569 2008 2602 nam

1164 2621 1267 2670 fixit
1305 2624 1471 2670 Gloria>
1506 2620 1586 2668 sut-e
1620 2625 1857 2669 columnas
1896 2634 2006 2666 curn

1163 2689 1388 2744 Hercule,
1419 2688 1532 2735 dum
1552 2685 1593 2735 se
1612 2687 1712 2751 ipsa
1725 2689 1821 2751 jam
1841 2686 2010 2797 maisotg

1944 2765 1976 2795 u

2212 327 2221 337 s
2214 298 2239 314 ε
2202 268 2232 287 ν.
2182 0 2251 255 ,fraenffl
