2294 2933
250 199 416 261 stirsum
448 197 534 249 sese
564 201 730 256 tol-lant
761 237 774 256 ,
797 255 801 257 λ
821 198 847 247 a
874 202 947 248 via
969 201 1086 249 dire-

245 264 320 314 ἃᾶ
339 279 499 313 avocat
520 302 533 320 ,
571 263 857 327 diffipatque.

304 331 518 378 LEUC.
571 331 692 376 Utut
723 345 816 375 non
851 331 1044 376 nimium
1069 366 1082 385 ,

239 397 443 442 multum
457 407 607 441 tamen
619 432 631 449 ,
654 392 751 441 imo
763 396 865 456 plus
878 396 974 441 aliis
987 410 1084 440 me-

240 459 481 506 lancholici
511 458 791 505 comedunt:
830 475 907 504 cur
944 459 1080 505 nihil-

229 522 425 571 ominus
467 520 618 571 minus
662 525 760 570 aliis
801 523 1036 570 dormiunt
1063 523 1079 568 ἓ

237 601 393 634 contra
403 589 644 650 AEthiopes
655 625 668 644 ‚
695 603 814 649 quos
835 588 1081 634 inclemen-

236 650 331 699 tius
346 654 525 700 allatrat
537 655 707 713 Syrius,
727 651 947 706 indolem,
963 650 987 697 a
1001 649 1079 697 suo

238 717 445 773 climate,
481 733 568 779 prae
579 719 674 763 aliis
694 713 811 762 na6‘ti
826 712 924 762 sunt
945 716 1079 762 torri-

19 776 27 840 l'
235 780 364 828 dam:
401 777 790 829 curnihilominus
817 777 1078 826 somnolen-

229 857 310 892 tos
320 844 423 908 plus
439 847 536 893 aliis
549 845 675 892 vides
687 883 699 900 ,
735 839 954 907 praecipue
965 843 1077 891 dum

18 916 25 975 g
226 913 324 956 urit
346 909 467 958 aestas
486 911 699 957 calidior?
737 910 953 956 refellunt
972 908 1074 966 ista,

16 974 170 1034 ilristot.
208 1020 212 1022 Α
235 991 333 1037 quae
349 975 406 1022 de
423 973 581 1022 somno
594 974 846 1022 stabiliebas
866 1010 879 1030 ‚
915 975 1077 1036 princi-

29 1057 100 1095 .3.
122 1043 169 1086 de
233 1042 320 1101 pia.
396 1046 569 1088 MEL.
614 1034 809 1099 Minime
834 1041 1072 1101 gentium:

26 1119 118 1151 mn.
232 1121 338 1151 nam
360 1107 525 1167 quibus
552 1105 907 1151 melancholicus
932 1105 1075 1150 abun-

19 1168 21 1170 ’
231 1171 487 1216 dathum-or
505 1206 517 1224 ‚
552 1181 916 1231 temperamento
935 1182 1074 1215 utun-

233 1247 306 1282 tur
326 1234 458 1290 sicco,
495 1231 568 1281 sed
582 1236 631 1283 &
648 1233 778 1280 simul
798 1232 1070 1294 perfrigido:

230 1301 486 1361 appetitum
514 1300 630 1345 acuit
667 1297 869 1354 ficcitas3
915 1295 988 1344 sed
1023 1299 1072 1345 &

228 1365 373 1426 frigus
393 1369 486 1410 atra
522 1365 625 1411 bilis
662 1361 871 1409 intendit.
941 1361 1071 1428 Qiicl

227 1428 339 1491 ergo
362 1430 552 1484 mirum,
588 1427 719 1490 quod
733 1428 959 1474 *alimento
977 1442 1072 1472 non

222 1495 510 1556 perfruantur
527 1530 540 1548 ‚
573 1485 797 1554 quodque
823 1492 946 1538 calor
960 1507 1070 1537 ven·

8 1537 16 1602 i·
214 1559 375 1605 ·triculi
402 1558 613 1604 modicus
635 1594 648 1613 ‚
704 1572 900 1618 coquere
927 1554 1071 1602 somni

6 1610 15 1676 ἶ·
227 1624 443 1670 nutritios
456 1638 647 1684 vapores
659 1622 874 1684 nequeat?
883 1621 1072 1668 AEthio-

6 1681 39 1749 {⁵
227 1703 307 1750 pes
333 1724 345 1743 ‚
402 1684 693 1749 Aphrodisaeo
730 1685 887 1748 Judice
914 1722 927 1740 ‚
974 1698 1070 1732 tor-

225 1765 380 1799 rentur
406 1754 556 1799 calore
582 1763 774 1798 externo
793 1787 805 1805 ‚
853 1752 931 1796 vix
952 1751 1068 1797 cale-

30 1828 57 1858 f:
224 1814 341 1863 fiunt
361 1818 540 1863 interno
564 1833 573 1862 ι
609 1817 714 1862 hinc
733 1817 778 1861 in
798 1817 943 1876 capite
962 1831 1068 1861 coa-

2 1873 7 1889 ‘
223 1894 407 1927 cervant
431 1884 644 1943 pituitam
668 1918 682 1937 ,
755 1895 818 1927 uae
832 1878 936 1927 solis
961 1878 1067 1926 aestu

223 1943 370 1999 soluta
381 1945 564 2002 defluit,
585 1943 842 2009 somnoque
849 1956 976 2006 parat
986 1959 1067 2007 pa·

227 2022 374 2058 tentes
397 2010 561 2057 aditus.
856 2057 859 2058 γ

225 2114 228 2115 ⁷
285 2077 493 2124 LEUC.
542 2070 787 2136 Supersunt
807 2075 893 2121 alia
914 2110 927 2129 ‚
969 2088 1069 2135 quae

223 2139 497 2186 dormiendo
509 2139 725 2202 equidem
739 2137 881 2185 sentio
902 2175 914 2193 ,
951 2140 1068 2207 vigi-

223 2205 363 2252 lando
379 2221 471 2250 non
490 2206 617 2266 capio
637 2239 650 2259 ‚
686 2203 845 2250 infelix
863 2203 1067 2251 Philolo-

223 2271 342 2332 phus
354 2307 366 2325 ‚
388 2271 466 2331 qui
478 2269 603 2330 quod
612 2267 840 2315 stertendo
852 2279 1066 2331 expertus

224 2331 301 2381 scit
319 2371 332 2389 ,
371 2329 716 2395 expergefatstus
743 2331 1068 2394 philosophan-

222 2397 286 2444 do
298 2400 490 2460 ignorat.
518 2398 624 2444 Edic
637 2399 776 2454 enim,
791 2412 868 2444 cur
882 2394 1067 2444 somnus

223 2463 396 2525 primus
415 2461 480 2510 est
498 2459 694 2509 aretior?
743 2478 819 2509 cur
846 2464 891 2509 in
925 2463 1067 2508 latere

224 2526 391 2573 dextro
408 2525 473 2573 est
486 2524 684 2578 suavior?
717 2541 794 2572 cur
810 2528 1064 2574 matutinus

223 2589 498 2652 jucundior?
533 2588 933 2651 curvespertinus,
964 2588 1063 2636 imo

224 2652 413 2703 diurnus
437 2657 586 2704 omnis
609 2654 863 2704 molestior:
900 2660 1062 2706 MEL-

888 84 1073 148 *pagata
1095 86 1312 148 Morphea

1886 95 1984 143 ,ιιι

1134 204 1260 251 >Rem
1272 201 1388 248 habe
1407 200 1586 262 paucis:
1622 199 1676 248 ad
1691 197 1833 248 somni
1858 201 1988 248 initia

1143 265 1341 312 abundat
1372 265 1540 312 humor
1567 301 1580 320 ,
1649 268 1729 326 q'ui
1760 264 1985 327 copiosius

1141 333 1289 378 calore
1300 332 1450 392 primo
1460 327 1676 392 exspirat:
1705 330 1808 375 hinc
1829 332 1985 391 paula-

1140 397 1225 442 tim
1250 393 1511 457 absumptus
1535 416 1552 449 ,·
1604 390 1816 449 somnum
1836 397 1983 456 gignit

1136 461 1409 507 liberiorem.
1488 462 1589 507 Pars
1621 470 1776 505 autem
1793 458 1981 506 dextera
1997 456 2119 500 Prob-

1134 521 1412 586 Philosopho
1423 522 1487 571 est
1499 520 1658 571 motus
1683 523 1952 585 principium
1967 559 1979 577 ‚
1991 519 2089 578 fiii.
2115 526 2161 565 ό.

1134 588 1237 635 hinc
1265 591 1372 650 quia
1390 604 1469 651 per
1489 588 1613 634 diem
1640 589 1858 651 fatigat-ur
1890 589 1981 635 fre-
1997 603 2037 646 q·
2054 595 2096 630 6·
2114 587 2160 634 ἔθ’
2182 598 2231 639 72·

1125 650 1368 714 orientius,
1379 649 1519 700 ηοᾶὶυ
1534 650 1720 715 quiescit
1730 655 1870 700 etiam
1885 650 1982 700 sua-

1135 715 1254 764 vius.
1371 719 1587 779 Denique
1640 717 1749 764 ficut
1791 720 1980 765 orientis

1132 782 1291 828 Phoebi
1305 779 1535 837 anastasis,
1558 783 1771 842 propiore
1784 782 1926 839 radio,
1956 777 1983 829 ὲ

1134 857 1249 892 terra
1269 861 1462 908 vapores
1481 882 1494 901 ‚
1543 846 1607 892 ita
1629 848 1680 894 &
1711 862 1767 892 ex
1790 862 1982 910 corpore

1131 911 1335 957 humano
1358 908 1632 972 soporiferos
1667 913 1834 970 excitat
1862 912 1980 958 hali-

1134 988 1228 1030 tus,
1250 978 1328 1037 qui
1349 973 1505 1021 denuo
1526 987 1661 1036 caput
1675 977 1943 1023 obnubilant
1963 1012 1978 1031 ‚

1132 1042 1182 1089 &
1201 1040 1254 1086 ad
1284 1039 1504 1101 placidam
1527 1042 1732 1101 quietem
1764 1041 1979 1088 invitant.

1132 1103 1556 1155 Contrarecedente
1575 1101 1667 1150 sole
1684 1141 1696 1159 ‚
1743 1106 1881 1152 innati
1903 1121 1975 1163 ca-

1129 1170 1239 1215 loris
1259 1170 1475 1224 nutritio,
1509 1165 1613 1230 plus
1636 1181 1802 1216 nocent
1820 1171 1980 1218 omnia

1129 1236 1291 1280 noxia:
1332 1233 1443 1295 quid
1455 1230 1567 1295 ergo
1585 1235 1778 1290 mirum,
1798 1233 1849 1290 si,
1870 1232 1979 1283 cum

1129 1299 1478 1360 importunitate
1543 1300 1762 1359 temporis
1813 1309 1978 1346 noceat

1129 1359 1312 1410 somnus
1336 1365 1487 1409 omnis
1505 1361 1692 1409 diurnus
1712 1399 1725 1418 ‚
1765 1361 1871 1425 plus
1890 1379 1977 1410 no-

1127 1440 1224 1473 ceat
1241 1425 1547 1488 vespertinus?

1186 1494 1367 1540 LEUC.
1414 1491 1582 1539 Audivi
1609 1487 1766 1552 saepius
1790 1528 1802 1545 ,
1839 1490 1974 1553 quod

1125 1555 1398 1602 dormiendo
1411 1557 1623 1602 nonnulli
1641 1563 1885 1616 operentur
1903 1571 1973 1603 ra·

1126 1619 1535 1668 tioniconformius
1551 1657 1563 1675 ,
1598 1620 1738 1683 quam
1757 1623 1832 1667 alii
1852 1623 1974 1684 vigi·

1124 1686 1264 1733 lando
1294 1701 1303 1731 :
1360 1700 1467 1732 nain
1505 1682 1613 1746 saepe
1646 1682 1894 1732 discurrunt
1925 1687 1973 1732 in

1124 1749 1276 1797 rostris
1289 1747 1342 1797 ut
1367 1751 1534 1804 Tullii⁷
1570 1751 1616 1794 in
1636 1745 1851 1811 synedriis
1863 1765 1979 1796 con-

1124 1813 1305 1869 sultant,
1320 1817 1370 1863 &
1379 1813 1595 1875 judicant,
1612 1815 1970 1862 velutCatones:

1123 1884 1321 1926 carmina
1332 1891 1537 1940 pangunt
1558 1878 1611 1924 ad
1630 1880 1973 1924 aemulationem

1124 1946 1352 1993 Maronis:
1387 1947 1431 1989 in
1445 1945 1650 2004 Peripato
1673 1939 1975 2005 disputantad

1125 2026 1271 2071 usque
1286 2007 1505 2054 invidiam
1523 2006 1732 2055 Socratis.
1770 2009 1836 2055 Ut
1858 2006 1973 2068 quid

1125 2073 1236 2136 ergo
1261 2071 1443 2120 destitui
1469 2073 1700 2119 rationein
1719 2068 1885 2118 somnis
1902 2071 1973 2117 di-

1124 2142 1266 2185 cimur
1303 2140 1317 2184 ?
1378 2146 1449 2189 M
1473 2144 1509 2183 E
1534 2142 1587 2183 L.
1651 2139 1760 2183 Non
1811 2139 1888 2183 abs
1924 2152 1972 2182 re·

1123 2202 1305 2249 destitui
1354 2203 1546 2248 dicimur
1601 2202 1790 2248 rationis
1843 2197 1923 2247 usu
1954 2237 1970 2256 ‚

1122 2268 1153 2315 si
1177 2269 1404 2329 intelligas
1430 2268 1621 2328 plenum
1648 2267 1778 2311 illum
1808 2302 1821 2320 ‚
1871 2281 1970 2327 quo

1120 2334 1315 2380 fruimur
1337 2334 1592 2393 vigilantes.
1660 2331 1818 2377 Variat
1839 2331 1964 2375 enim

1120 2398 1240 2454 hunc
1292 2394 1422 2443 usum
1472 2392 1562 2456 ipsa
1624 2391 1767 2440 somni
1819 2396 1966 2439 varie·

1121 2474 1205 2509 tas.
1238 2463 1514 2522 Plerumque
1532 2457 1858 2506 somniantibus
1879 2473 1965 2503 no-

1121 2528 1188 2573 bis
1207 2525 1443 2589 phantasiae
1469 2525 1687 2585 imagines
1714 2517 1965 2578 fluetuant,

1119 2604 1258 2653 atque
1276 2594 1337 2638 ita
1348 2605 1536 2652 quoque
1551 2589 1716 2635 titubat
1728 2589 1859 2640 ratio,
1882 2584 1964 2632 suo

1117 2654 1274 2705 minus
1322 2648 1530 2703 ordinate
1578 2647 1735 2703 funeta
1785 2648 1959 2696 officio.

1804 2712 1955 2783 Qui
