2294 2933
283 100 388 163 264

290 215 433 282 scirpo
453 214 727 281 jamnodus
747 217 942 265 occurrit
963 252 977 272 ,
1019 228 1142 278 :quae

288 298 458 346 nempe
474 282 640 346 Stygiae
657 279 828 344 sphaerae
844 280 1026 327 virtutis
1043 293 1058 336 ’,
1085 294 1142 325 ex

289 365 383 413 qua
393 345 636 396 discernere
646 348 776 394 liceat
788 341 983 396 effeffis
996 344 1144 407 magi-

291 416 333 463 ci
353 415 426 461 vel
454 415 694 460 veritatem
711 448 723 465 ,
762 411 836 457 vel
861 410 1142 458 vanitatem?

295 488 357 529 M
368 487 397 527 Ε
407 488 450 530 L.
461 481 564 527 Hoc
582 476 775 523 dubium
786 473 946 539 credo,
964 489 1047 522 nec
1065 472 1143 536 ipsi

274 545 500 593 vLacones
534 541 678 588 tribus
720 540 922 587 verbulis
953 539 1144 603 expedi-

292 612 410 656 rent.
476 606 527 654 Id
549 602 776 654 sciendum
797 616 976 662 tamen,
1015 603 1144 668 quod

293 673 499 720 unanimi
523 671 699 718 calculo
719 667 932 732 supponit
964 668 1145 733 Peripa-

296 751 388 788 tus.
442 733 599 786 Primo
614 751 896 798 quaecunque
912 735 1143 783 daemones

294 814 544 868 operantur
570 802 684 848 mira
701 839 714 857 ,
747 816 799 848 ea
822 815 917 848 non
950 815 1145 864 operan-

295 883 371 920 tur
381 868 459 916 nisi
477 866 713 915 movendo
727 882 803 913 cor
838 880 942 922 ora,
967 868 1042 913 vel
1064 881 1144 928 ap-

293 933 530 998 plicand0‚
551 930 606 980 iit
619 934 746 994 ajunt
767 881 917 978 agiva
935 928 1118 993 passivis
1131 967 1144 986 ‚

295 1000 369 1046 vel
384 996 574 1045 sensibus
588 1013 668 1060 per
684 994 926 1058 praestigias
947 995 1146 1043 illuden-

278 1063 374 1111 do.
424 1066 484 1112 Su
509 1064 651 1125 ponit
671 1059 868 1108 secunde>
887 1063 1036 1109 malos
1051 1062 1146 1109 Ge-

295 1130 400 1180 nios
419 1130 466 1175 in
497 1145 553 1175 ua
573 1127 839 1174 infelicitate
861 1141 955 1173 non
979 1129 1042 1173 ita
1058 1125 1147 1174 effe

295 1191 519 1242 infaustos
542 1231 554 1250 ,
586 1206 641 1239 ut
662 1207 740 1254 per
763 1203 999 1253 peccatum
1027 1207 1146 1254 quo-

294 1275 388 1322 que
400 1256 625 1306 amiserint
644 1254 901 1320 praestantes
921 1258 1144 1320 Angelicae

296 1327 482 1375 Naturae
517 1323 655 1370 dotes
683 1338 692 1367 :
763 1320 885 1368 unde
921 1320 1144 1384 stupenda

295 1390 475 1454 pollent
487 1389 652 1452 ingenii
668 1383 908 1450 sagacitate
927 1424 940 1444 ,
977 1389 1145 1437 &exa-

294 1452 369 1504 ἂὲ
379 1456 660 1502 naturalium
670 1452 1032 1500 rerumScientia:
1042 1468 1145 1516 per-

295 1516 443 1583 spicue
453 1530 693 1583 penetrant
704 1514 1012 1564 sublunarium
1037 1534 1145 1580 pro-

294 1587 512 1650 prietates
530 1622 543 1642 ,
580 1594 723 1647 atque
748 1581 1011 1630 substantias
1025 1620 1037 1639 ,
1057 1582 1146 1630 no-

294 1666 402 1704 runt
424 1651 706 1713 singulorum
727 1650 923 1695 virtutes
943 1686 955 1704 ,
993 1649 1146 1711 occul-

295 1730 366 1765 tas
378 1718 606 1778 nobisque
619 1715 870 1776 incognitas
882 1714 1025 1760 vires:
1046 1729 1156 1775 per⁴

298 1775 469 1845 speffas
481 1782 648 1828 habent
659 1780 937 1841 multiplices
955 1779 1148 1825 faculta-

274 1861 368 1895 :tes
389 1885 402 1904 ,
441 1844 727 1894 admirandas
750 1842 921 1892 mutuo
952 1839 1169 1906 propor-'

299 1917 450 1961 tiones
469 1949 484 1969 ‚
520 1908 821 1975 sympathicas
840 1947 854 1966 ‚
887 1911 938 1959 δὲ
970 1910 1147 1970 antipa-

300 1979 442 2025 thicas
457 1978 701 2040 qualitates
721 1990 731 2021 t
769 1975 838 2022 his
852 1973 1146 2022 acceditmira

294 2042 494 2100 solertia,
514 2039 769 2090 observatio
782 2037 974 2095 assidua,
995 2055 1147 2087 coaeva

298 2108 480 2157 Mundo
500 2107 777 2170 experientia
798 2123 807 2152 z
827 2142 830 2144 v
848 2105 969 2152 unde
982 2105 1146 2168 explo-

297 2188 395 2222 rata
431 2172 531 2221 sunt
574 2171 821 2219 commoda
868 2169 1144 2234 applicandis

298 2239 462 2293 mediis
482 2252 690 2301 tempora
713 2275 724 2293 ,
761 2235 1044 2299 temperandi
1063 2252 1145 2284 va-

296 2308 482 2353 rietates
495 2341 509 2361 ,
529 2305 827 2352 Scientiarum
840 2303 1051 2349 omnium
1065 2301 1144 2349 ad·-

294 2371 541 2426 minicula,
575 2371 757 2417 Arrium
799 2365 1055 2424 industriae‚
1092 2365 1142 2418 ὃ(

290 2435 575 2497 adjumenta,
588 2435 712 2480 itaut
730 2433 807 2478 vix
821 2431 1054 2494 quidpiam
1073 2431 1141 2489 fit,

291 2502 367 2547 vel
389 2502 442 2546 ab
465 2502 669 2547 humano
695 2499 878 2559 ingenio
907 2498 1140 2560 excogita-

294 2579 393 2612 tum
420 2602 433 2621 ,
474 2566 546 2611 vel
581 2566 720 2610 etiam
743 2568 764 2608 a
787 2559 1030 2607 caelestibus
1046 2564 1140 2609 Ge-

289 2633 378 2678 niis
398 2628 421 2678 a
446 2629 814 2677 l‘vlundiexordio
826 2622 1042 2675 effeetum
1055 2643 1139 2673 un-

292 2710 460 2762 quam,
497 2692 624 2758 quod
638 2691 783 2760 ipsum
817 2694 961 2742 latere
988 2688 1141 2753 poffitt

913 93 1094 168 Virgula
1129 88 1383 147 Rharaonirss

1195 211 1255 261 Et
1270 207 1506 277 effeput'es
1518 205 1678 261 forsan
1696 207 1883 262 difficile
1907 210 2046 271 ,vdae-

1196 291 1388 347 monem
1400 278 1481 340 per
1497 289 1657 325 motus
1675 278 1849 328 locales
1870 280 2052 344 operari

1197 344 1426 408 plurima,
1465 357 1570 406 quae
1597 343 1744 391 hianti
1765 359 1848 392 ore
1873 342 2053 408 suspici-

1197 424 1303 457 mus
1317 407 1568 455 mortales?
1605 406 1707 455 imo
1727 407 1859 458 tanti
1873 410 2053 475 insuper

1186 476 1292 538 agit
1303 473 1561 529 celeritate,
1577 483 1712 520 utres
1731 489 1792 521 ex
1808 477 1954 526 oculis
1970 477 2054 524 de-

1196 551 1385 603 repente
1403 534 1623 585 subdu&a
1636 575 1649 594 ‚
1669 540 1716 585 in
1741 540 1935 601 alteram
1955 539 2052 590 sen-

1196 603 1314 652 sibus
1334 601 1621 651 substitutam
1636 616 1648 660 ;
1663 603 1930 669 prodigiosa
1946 609 2052 655 Me·

1199 666 1479 732 tamorphosi
1499 705 1514 725 ‚
1549 668 1761 718 transiisse
1790 686 1930 718 nemo
1957 687 2054 719 non

1199 730 1497 797 obstupescat.
1565 735 1696 802 Qid
1716 735 1829 800 ergo
1850 739 2019 784 mirum
2039 773 2054 793 ‚

1197 799 1230 848 fi
1264 800 1466 847 occultas
1510 800 1781 862 applicando
1822 799 2055 850 causarum

1200 867 1396 912 virtutes
1408 901 1420 921 ‚
1445 864 1609 912 iisdem
1621 867 1770 927 veluti
1780 865 2055 916 instrumen-

1202 931 1284 986 tis,
1303 931 1354 979 &
1380 928 1568 986 mediis,
1589 942 1685 978 tam
1707 929 1929 995 stupenda
1946 947 2054 997 pro-

1199 995 1336 1042 ducat
1346 995 1393 1041 in
1403 995 1537 1041 rebus
1557 998 1718 1043 creatis
1741 997 1965 1055 mon-stra,
1999 1009 2054 1046 ut

1200 1057 1480 1122 ipsaNatura
1490 1056 1745 1122 superatam
1758 1059 1801 1109 se
1817 1063 2017 1110 fateatur
2039 1099 2053 1118 ,
2107 1114 2113 1122 ι

1202 1128 1253 1174 &
1271 1121 1498 1172 erubescat
1518 1126 1533 1172 ?
1567 1126 1692 1189 quid
1705 1128 1801 1189 J'am
1819 1125 1970 1186 dicam
1995 1127 2055 1174 de

1199 1187 1479 1253 praestigiofis
1497 1188 1910 1240 umbratilissscenae
1934 1193 2055 1240 ludi-

1200 1257 1307 1302 briis
1322 1291 1334 1311 ,
1360 1256 1526 1317 quibus
1538 1256 1783 1303 hominum
1797 1258 1943 1305 oculis
1965 1259 2053 1305 im-

1198 1322 1331 1383 ponit
1341 1319 1494 1367 Ludio
1506 1321 1764 1369 infernalis?
1795 1333 1919 1370 nunc
1931 1318 2055 1370 enim

1199 1395 1352 1432 mutat
1365 1386 1440 1447 obj
1447 1383 1546 1432 esta
1556 1423 1568 1441 ,
1592 1402 1644 1433 ea
1656 1383 1807 1435 subito
1819 1387 1947 1435 occul
1954 1398 2055 1435 tan-

1198 1449 1263 1497 do
1277 1487 1290 1507 ,
1319 1446 1565 1498 artificiose
1578 1452 1853 1499 collocando
1873 1463 1906 1509 's‘
1929 1448 2054 1500 nova

1200 1515 1278 1564 sibi
1291 1531 1347 1562 ex
1366 1519 1468 1562 aere
1484 1513 1703 1578 fingendo
1722 1531 1732 1563 :
1767 1510 2054 1581 nunc'vapo-

1201 1597 1270 1628 res
1309 1581 1606 1629 intermedios
1632 1580 1876 1630 condensat
1900 1620 1913 1638 ‚
1962 1583 2055 1630 sive

1202 1657 1444 1706 extenuat:
1473 1662 1592 1693 nunc
1618 1642 1764 1709 ipsum
1777 1652 1929 1695 aerem
1947 1657 2058 1699 mo-

1201 1708 1379 1766 dificat,
1404 1707 1531 1758 varie
1559 1712 1737 1775 format
1756 1745 1768 1768 ,
1795 1710 1966 1775 species
1995 1710 2053 1762 'ad

1186 1778 1390 1823 oculum
1401 1778 1570 1833 mittit,
1591 1777 1870 1840 velimpedit
1893 1790 1909 1824 ε·
1935 1782 2056 1824 nunc

1202 1853 1352 1889 mutat
1372 1845 1533 1904 organi
1555 1842 1714 1900 situm,
1733 1845 1857 1891 oculi
1883 1843 2054 1890 hutno-

1201 1922 1272 1954 res
1291 1909 1550 1970 perturbat,
1579 1908 1861 1974 duplicemque
1882 1908 2019 1956 Solem
2033 1943 2049 1966 ,

1202 1973 1260 2030 Εῇ
1286 1977 1477 2039 geminas
1515 1974 1591 2021 dat
1635 1988 1799 2022 cernere
1845 1970 2012 2021 Thebas
2033 1989 2051 2018 .-

1201 2053 1320 2085 nunc
1327 2039 1419 2087 haec
1429 2076 1442 2096 ,
1461 2038 1588 2087 nulla
1605 2039 1686 2087 illa
1699 2040 1745 2086 in'
1753 2039 1936 2087 cerebro
1946 2052 2051 2084 mo-

1175 2125 1179 2128 >
1201 2101 1628 2168 vetphantasmata‚
1647 2116 1701 2152 ut
1720 2102 2052 2167 praestigiatrste

1201 2171 1337 2233 hujus
1375 2171 1591 2232 Morphei
1623 2167 1801 2232 virgula
1829 2178 2051 2230 putes-te

1201 2252 1402 2292 cernere,
1423 2250 1522 2298 quae
1545 2250 1642 2282 non
1657 2233 1812 2293 vides;
1848 2232 1969 2281 dicas
2002 2243 2049 2280 te

1200 2315 1355 2364 agere,
1383 2315 1482 2363 quae
1499 2309 1651 2347 tamen
1674 2301 1876 2361 pateris;
1945 2295 2048 2346 imb

1191 2368 1318 2429 'jures
1340 2403 1353 2423 ‚
1385 2361 1595 2413 ARiacos
1617 2374 1663 2412 te
1683 2363 1838 2410 moliri
1859 2363 2048 2412 Trium-

1197 2433 1317 2494 phos
1335 2468 1347 2488 ‚
1376 2430 1452 2477 vel
1477 2443 1582 2478 cum
1600 2431 1789 2476 Nerone
1817 2429 2046 2476 fumantia

1196 2497 1407 2544 Vulcano
1430 2494 1607 2542 tradere
1634 2494 1867 2557 Capitolia
1890 2530 1902 2549 ,
1935 2501 2047 2541 utUt

1196 2577 1289 2608 non
1301 2559 1378 2607 nis1
1389 2555 1677 2622 phantasticis
1687 2559 1860 2606 umbris
1873 2556 1895 2604 a
1906 2560 2047 2620 Syco=
2086 2571 2112 2587 ³
2129 2581 2137 2588 <
2176 2558 2211 2622 ’ἦ

1195 2628 1365 2687 phanta
1381 2625 1544 2687 Stygio
1565 2622 1810 2671 deludaris.
1871 2625 1924 2669 'E
1944 2626 2066 2685 qui-'

1201 2693 1312 2752 bus,
1342 2689 1566 2746 nifallor‚
1589 2689 1686 2752 jam
1702 2690 1834 2740 nullo
1854 2689 2047 2759 negotio

1852 2760 2040 2815 colliges
