2294 2933
310 67 401 119 ¹¹92

305 185 402 222 tam
421 189 587 223 vernus
609 184 655 222 te
676 172 975 236 cingatlepos
989 212 1001 230 ‚
1036 186 1086 220 ut
1107 189 1154 235 a-

304 239 1053 302 moenioremnecipseoptaretsibi
1074 240 1154 285 Al-

304 306 480 352 cinous.
548 307 666 363 Hic,
716 310 932 367 inquam,
974 305 1121 365 jaceas
1141 339 1154 358 ‚

306 368 378 418 sed
391 385 444 416 ea
457 371 557 432 lege
575 408 587 426 ,
631 386 682 419 ut
697 383 931 431 nunquam
945 368 1155 415 liceatla-

306 447 378 486 tus
403 436 628 482 invertere
650 452 658 481 :
705 432 914 495 nunquid
942 434 1014 480 vel
1038 449 1153 478 unus

298 499 399 547 dies
420 501 509 546 haec
526 499 691 562 gaudia
710 510 910 551 mutaret
932 499 974 544 in
1001 498 1153 553 taedia,

298 567 345 612 in
370 562 583 626 supplicia
606 560 859 610 hebdomas
878 601 891 618 ‚
944 579 1087 610 annus
1109 563 1155 608 in

295 641 529 676 tormenta
573 631 654 674 vix
690 628 928 675 toleranda
953 630 968 675 ?
1028 624 1153 674 sensit

292 690 634 755 Philosophiam
661 695 776 741 hanc
798 697 829 742 F
835 694 937 739 uleo
958 730 970 748 ,
1015 708 1150 738 mun-

291 757 417 806 danae
437 758 690 825 ludibrium
716 760 931 805 vanitatis
963 796 975 814 ,
1009 772 1150 820 quem

290 819 430 871 nocte
443 824 642 885 quadam
657 862 669 882 ,
717 821 871 885 abyss'o
893 820 1151 870 demersum

293 889 477 952 plumea
505 894 683 952 excepit
705 891 868 937 thorus
889 925 903 944 ‚
958 885 1114 936 sedita
1136 925 1149 943 ,

292 967 345 1001 ut
366 951 551 1001 somnus
575 957 627 1001 ab
643 955 780 1003 oculo
800 954 983 1016 fugeret
1007 968 1018 998 z
1053 950 1151 1000 sen-

290 1019 434 1067 fitille
447 1021 655 1082 quietem
679 1033 772 1067 tam
787 1020 1065 1081 inquietam,
1100 1030 1150 1065 ut

289 1086 336 1132 in
365 1085 458 1132 haec
492 1087 630 1133 verba
655 1095 1007 1147 prorumperet:
1065 1098 1150 1130 tam

288 1151 451 1212 molesta
475 1154 518 1198 in
552 1156 655 1200 molli
685 1154 865 1199 thalamo
891 1151 946 1210 est
974 1167 1053 1195 nox
1079 1152 1149 1194 in-

283 1216 435 1276 somnis
457 1234 469 1262 .·
510 1219 611 1278 quid
624 1219 666 1276 fi
687 1220 726 1262 in
746 1213 956 1276 ignivoma
971 1218 1148 1274 jacerem

292 1285 463 1329 culcitra
486 1289 506 1326 ,θ
542 1284 692 1342 quidsi
708 1298 785 1327 non
805 1297 885 1327 una
905 1285 1014 1326 nocte
1027 1311 1043 1336 ,
1075 1279 1149 1340 fi'd

289 1350 516 1392 <eternitate
545 1345 746 1392 duratura
775 1345 968 1406 semper,
993 1347 1147 1408 finien—

289 1409 344 1458 dzi‘
375 1429 577 1472 nunquam
599 1420 619 1457 ,θ
669 1411 807 1475 fregit
828 1409 1024 1456 mollem
1051 1410 1148 1459 ani,—

291 1490 424 1523 mum
439 1473 644 1525 insomne
666 1476 756 1524 hoc
776 1472 1027 1523 somnium:
1062 1474 1149 1523 sic-

293 1557 385 1604 que
399 1539 589 1588 surrexit
607 1543 772 1590 melior
787 1576 800 1595 ,
837 1553 888 1586 ut
907 1541 1149 1588 meliorem

289 1605 596 1668 postmodnm
628 1609 674 1656 in
703 1606 951 1671 Religione
980 1606 1149 1670 ceperit

295 1686 520 1736 quietem.

348 1739 558 1786 LEUC.
601 1734 678 1783 Est
695 1736 786 1784 haec
807 1750 930 1783 nova
954 1733 1133 1780 aeterni-

289 1804 397 1851 tatis
409 1803 688 1865 proprietas,
729 1798 983 1864 satmagna,
1013 1805 1147 1845 utin-

286 1870 404 1917 ferni
426 1868 670 1915 tormentis
685 1904 698 1923 ‚
747 1883 831 1928 pro
855 1877 1147 1928 peccatorum

289 1934 496 1997 pondere
529 1934 768 1987 maximo,
817 1930 998 1993 pondus
1033 1927 1146 1991 adji-

291 2001 380 2046 ciat
407 1996 655 2046 infinitum.
693 2001 955 2045 Damnatus
974 1996 1147 2057 patitur

290 2064 487 2117 dolores?
502 2061 749 2111 immensos
767 2101 780 2119 ,
828 2064 878 2111 &
903 2063 1010 2124 quia
1029 2060 1146 2122 pati-

291 2144 365 2176 tur
387 2166 399 2185 ‚
454 2126 678 2175 immenso
704 2130 872 2190 pariter
899 2139 1112 2186 tempore
1131 2161 1144 2181 ,

289 2196 461 2257 quovis
482 2195 527 2240 in
554 2207 764 2255 tempore
788 2193 960 2255 patitur
981 2190 1145 2252 sempi-

292 2272 463 2307 ternos.
535 2262 586 2306 In
599 2258 770 2321 singula
795 2269 1034 2303 momenta
1048 2256 1143 2302 col-

289 2326 392 2388 ligit
405 2320 565 2371 cuncta
581 2323 710 2371 fimul
724 2335 962 2369 momenta
979 2359 990 2377 ,
1023 2322 1144 2384 jugi-

292 2403 360 2437 ter
382 2391 594 2436 oberrans
610 2389 754 2436 menti
769 2388 992 2434 :eternitas
1018 2403 1026 2432 :
1064 2401 1145 2447 pa·

295 2455 407 2502 titur
419 2455 606 2501 dolores
617 2450 852 2517 praesentes
872 2488 884 2507 ,
920 2449 992 2498 sed
1010 2453 1057 2500 ὅ(
1070 2452 1145 2501 fu-

294 2531 422 2567 turos
443 2522 613 2580 patitur
633 2557 646 2575 ‚
679 2519 785 2581 quia
805 2513 1066 2563 intellecfihis
1090 2513 1145 2562 si-

293 2582 370 2632 stit
384 2582 639 2645 praesentes:
676 2594 906 2630 tormenta
920 2579 1049 2627 sentit
1064 2618 1076 2636 ‚
1095 2583 1145 2630 &

295 2650 405 2714 quia
418 2647 551 2697 sentit
562 2664 658 2697 non
671 2645 892 2704 finienda,
931 2659 1081 2694 totam
1096 2648 1144 2693 in

1002 60 1145 124 Janus
1181 40 1363 118 Bifioris.

1210 175 1380 235 quovis
1403 186 1645 224 momento
1659 171 1902 239 collectam
1924 172 2056 239 sentit

1212 250 1552 287 tormentorum
1575 245 1872 289 aeterl'lfitateln
1896 259 1904 288 ἶ
1946 239 2058 289 sClli-

1211 317 1281 349 cet
1301 340 1315 360 ‚
1349 309 1454 364 quod
1464 311 1629 367 quisque
1653 312 1793 355 timere
1814 312 1945 372 capit,
1966 312 2056 369 jam
2073 294 2226 374 Gregos

1207 370 1337 431 paffus
1360 370 1415 429 est
1442 400 1458 425 ,
1516 370 1689 433 unique
1716 372 1913 420 insistens
1940 384 2186 435 pun-Naz.

1210 430 1288 480 cto
1314 470 1327 488 ,
1380 446 1494 487 {toto
1530 433 1772 485 damnatos
1814 439 2017 500 pondere
2042 475 2057 493 ‚

1210 499 1377 560 premit
1397 500 1563 560 globus
1584 503 1858 550 aeternitatis.
1885 508 2057 551 stlEL.

1210 564 1359 611 Placet
1396 561 1560 612 Ascelis
1580 602 1592 617 ,
1642 581 1780 627 quam
1810 581 1989 614 acutam
2012 569 2060 614 in

1211 631 1551 676 Damnatorum
1573 627 1786 692 supplicia
1805 626 1831 678 ὲ
1853 626 2058 680 Patribus

1205 696 1380 740 recitas.
1463 697 1531 741 Ita
1551 692 1616 741 est
1637 711 1646 740 :
1689 697 1781 743 haec
1800 694 1865 743 est
1885 713 1893 743 :
1941 694 2058 758 justa

1205 761 1422 806 Numinis
1445 761 1508 806 ira
1529 771 1678 806 totam
1695 758 1842 808 saevire
1857 763 1900 808 in
1918 763 2058 809 Crea-

1208 836 1356 870 turam
1378 862 1390 882 ,
1440 840 1539 888 quae
1564 838 1662 872 tota
1683 823 1818 873 saeviit
1847 828 1893 873 in
1917 828 2057 874 Crea-

1207 893 1373 935 torem.
1451 892 1691 938 Cruciatus
1714 888 1949 953 praesentes
1970 906 2057 937 vo-

1204 955 1358 1000 luntas
1371 955 1576 1001 nolendo
1590 956 1698 1003 facit
1713 954 1896 1014 sentire3
1919 957 2053 1013 acuit,

1202 1018 1317 1066 dum
1342 1016 1570 1067 aversatur
1594 1036 1608 1078 ;
1666 1020 1862 1083 intendit
1886 1057 1898 1077 ,
1941 1019 2054 1068 dum

1203 1081 1366 1132 frustra
1383 1085 1732 1147 fugerenititur.
1787 1081 2054 1134 IntelleRUs

1202 1145 1492 1212 praesentibus
1505 1151 1656 1214 jungit
1668 1151 1852 1201 futuros
1866 1188 1881 1207 ‚
1913 1145 2057 1198 dum-

1205 1230 1298 1277 que
1310 1230 1405 1262 non
1427 1218 1600 1278 poterit
1611 1232 1705 1264 non
1725 1213 1950 1263 observari
1965 1215 2057 1262 haec

1205 1280 1373 1327 veritas
1398 1317 1411 1335 ‚
1445 1284 1646 1328 durabunt
1672 1282 1827 1345 semper
1850 1313 1867 1338 ,
1901 1283 2055 1343 finien-

1204 1360 1274 1397 tur
1296 1363 1499 1406 nunquam
1521 1377 1538 1403 ,
1593 1349 1639 1394 in
1659 1358 1898 1394 momenta
1919 1346 2055 1393 faciet

1204 1409 1393 1457 dolores
1414 1407 1574 1458 sentire
1597 1423 1804 1460 aeternos.
1843 1409 1932 1458 Sed
1945 1425 2056 1473 prae-

1204 1478 1347 1522 teritae
1375 1477 1480 1523 vitae
1499 1478 1724 1524 memoria
1743 1476 1814 1524 his
1834 1475 2053 1523 omnibus

1200 1541 1442 1589 cumulum
1470 1540 1610 1589 addet
1629 1579 1642 1599 ,
1686 1541 1736 1588 ni·
1758 1542 2054 1589 vehementer

1203 1607 1342 1654 fallor
1365 1644 1377 1662 ,
1421 1602 1763 1672 propemodum
1800 1602 2051 1653 infinitum.

1202 1674 1349 1734 Nugae
1375 1668 1477 1720 sunt
1493 1710 1508 1729 ‚
1542 1671 1672 1735 quod
1687 1671 1748 1720 de
1771 1671 1950 1719 Letheo
1967 1668 2055 1717 flu-

1203 1738 1328 1784 mine
1357 1735 1565 1785 fabulosa
1594 1736 1728 1785 finxit
1748 1735 2014 1799 Antiquitas
2038 1751 2051 1782 :

1205 1803 1444 1851 facultates
1465 1839 1479 1858 ‚
1539 1819 1654 1866 quas
1685 1802 1811 1849 dedit
1844 1816 2009 1848 natura
2038 1837 2053 1857 ‚

1201 1883 1296 1915 non
1316 1870 1474 1929 eripiet
1486 1884 1642 1923 orcus,
1676 1866 1743 1914 est
1753 1869 1844 1914 haec
1853 1867 2052 1917 clemen÷

1203 1935 1266 1981 tia
1279 1933 1473 1980 crudelis
1493 1970 1506 1989 ‚
1541 1932 1595 1980 ad
1624 1932 1880 1996 augendam
1900 1968 1913 1988 ,
1957 1945 2054 1978 non

1201 1997 1500 2046 minuendam
1520 1999 1696 2046 intenta
1723 1999 2047 2053 calamitatem.
2070 2028 2073 2031 -

1201 2064 1380 2112 Scilicet
1404 2101 1417 2120 ‚
1474 2068 1579 2126 quod
1600 2068 1923 2111 manducaverat
1946 2063 2051 2124 apud

1201 2135 1372 2193 Superos
1389 2134 1500 2192 epulo
1524 2161 1541 2186 ,
1582 2132 1687 2192 apud
1719 2130 1868 2188 inferos
1894 2130 2049 2187 digere-

1198 2197 1298 2241 hat:
1332 2210 1440 2241 nam
1460 2206 1513 2241 ut
1531 2210 1623 2240 non
1643 2193 1732 2240 fine
1757 2194 1914 2239 aculeo
1936 2192 2047 2253 Apis
2061 2191 2104 2236 S.
2140 2191 2238 2250 Aug

1525 2260 1772 2319 transierunt
1802 2259 2006 2320 praeterira
2028 2287 2046 2313 ,
2062 2259 2104 2302 S.
2130 2259 2237 2300 Bern

1200 2259 1422 2307 melliflua
1450 2275 1460 2305 ε

1198 2343 1269 2372 nec
1295 2327 1566 2386 transterunt:
1600 2325 1848 2384 transterunt
1870 2320 2046 2378 amanu,

1190 2390 1267 2451 [ἑά
1289 2408 1364 2437 non
1385 2388 1410 2437 ιὶ
1436 2403 1569 2436 mente
1592 2406 1605 2434 :
1639 2406 1714 2447 non
1739 2388 2050 2448 enimsranfihit

1202 2472 1288 2502 cum
1307 2470 1478 2517 tempore
1495 2486 1512 2511 ‚
1549 2457 1656 2514 quod
1680 2468 1855 2516 tempora
1875 2453 2049 2512 transite

1201 2524 1240 2566 in
1267 2535 1454 2566 aternum
1481 2518 1572 2581 ergox
1598 2519 1742 2580 neceffi·
1771 2519 1826 2579 cst
1859 2521 2006 2564 cruciet
2027 2548 2046 2579 ‚2

1201 2588 1304 2645 quod
1318 2600 1524 2647 perperam
1555 2601 1595 2632 te
1620 2585 1732 2647 egiffie
1758 2586 1985 2630 memineris
2004 2585 2049 2629 in

1198 2665 1403 2697 aternum.

1857 2710 2042 2760 LEUC.
