2294 2933
628 72 653 80 ν

852 87 1001 140 Mami
1031 84 1227 149 Fenefira.
1282 115 1285 119 ν
1850 92 1944 146 167

201 206 427 261 lancholia
447 203 802 272 praedominatur
825 245 838 266 ,
869 211 930 257 ibi
953 205 1044 257 sce·
1096 208 1346 271 neliquore
1362 205 1454 254 hoe
1471 201 1658 266 forsitan
1679 201 1943 254 dissolvere-

199 288 356 339 ptrum
392 273 620 336 Sapientia
648 280 814 322 teneat.
882 281 1046 325 Atram
1099 287 1188 324 tur.
1256 271 1529 322 Sedleviora
1548 267 1647 319 sunt
1661 269 1741 319 ista
1764 273 1944 319 Melan-

199 339 527 403 bilemjudicii,
561 338 876 404 &prudentiae
893 337 1047 388 sedem
1098 337 1464 397 choliaedeliria31
1492 337 1714 400 legimus,
1751 353 1871 402 quos
1892 336 1952 382 acl

197 408 425 469 appellat,
463 401 541 452 sub
552 406 680 468 cujus
704 405 914 454 dominio
931 406 1044 454 nihil
1101 419 1250 467 usque
1277 405 1438 452 Moriae
1455 405 1687 452 licentiam
1712 404 1952 466 promovit

198 486 390 535 praecox,
427 470 750 533 &turpidum‚
783 469 1051 520 sednonnisi

201 537 259 585 ad
272 551 439 599 purum
458 573 470 592 ,
507 536 689 583 consilia
712 549 1048 600 excoquuntur.

201 601 343 652 Addit
387 598 589 664 insuper,
632 599 853 668 sapientes
886 617 1050 649 omnes

202 669 278 714 vel
293 668 652 715 Melaneholicos
664 665 766 723 effe,
807 669 879 715 vel
892 664 1052 714 saltem

201 729 344 783 fuiffe.
419 741 540 780 MeL
563 751 575 776 :
607 732 723 780 Id-in
748 734 1052 780 reverentiam

202 797 342 849 nostri
368 799 508 845 Ducis
529 831 541 853 ,
573 793 763 846 minime
781 797 923 847 ausim
949 794 1053 845 infi-

203 862 309 911 ciari
327 899 339 919 ,
363 862 541 912 si&alii
563 863 781 911 humores
802 901 814 921 ‚
845 864 1054 928 acpraeci-

205 925 296 994 pue
329 929 541 983 cholera,
589 926 761 990 justum
804 928 1054 992 adjungant

205 993 404 1060 pondus.
471 992 548 1042 Est
557 996 680 1041 enim
697 993 965 1058 quotidiana
978 1009 1058 1040 ex·—

208 1058 428 1124 perientia
438 1060 526 1106 hoc
542 1057 850 1115 manifestum,
877 1060 1058 1108 Melan-

209 1126 415 1173 cholicos
423 1127 732 1172 communiter
741 1121 906 1172 ἀοὲὶοε
918 1163 931 1181 ,
980 1137 1058 1172 aut

209 1187 377 1239 doeio-s
417 1192 724 1239 communiter
756 1191 1061 1239 Melancholi-

211 1255 313 1304 coe:
352 1271 461 1304 nam
478 1253 747 1304 solitudines
766 1269 920 1304 amant
948 1293 961 1312 ,
1012 1258 1062 1304 &

212 1320 389 1378 studia,
427 1319 516 1368 sine
558 1323 723 1384 quibus
755 1336 896 1368 nemo
929 1316 1062 1368 facile

184 1384 379 1437 ἰ(ἰοθωε
399 1424 412 1443 ,
460 1385 572 1434 teste
590 1388 822 1435 Horatio:
875 1391 1059 1451 Scripto-

213 1469 305 1502 rum
333 1452 486 1501 chorus
510 1460 641 1500 omnis
661 1460 776 1500 amat
797 1467 935 1500 nemus
957 1487 968 1504 ,
1007 1452 1064 1508 Εὖ

204 1521 324 1585 fugit
349 1516 494 1570 arbes.
565 1515 716 1588 Qod
735 1517 765 1565 si
788 1530 943 1565 tamen
961 1517 1067 1565 Phi-

212 1583 434 1647 losophus
447 1621 460 1639 ,
491 1596 621 1631 extra
637 1586 777 1632 lancis
799 1582 988 1647 phyfieae
996 1597 1067 1629 re-

213 1647 374 1714 gulam
399 1685 414 1706 ‚
448 1649 519 1696 his
545 1650 716 1712 elogiis
745 1662 891 1697 atram
926 1649 1068 1695 bilem

215 1714 517 1770 condecoret,
549 1714 761 1763 Oratoris
772 1716 971 1763 Romani
993 1714 1066 1775 ju-

214 1780 335 1829 dicio
346 1793 422 1826 me
437 1778 700 1836 conformo,
719 1782 797 1843 qui
808 1780 899 1826 haec
909 1780 1065 1842 legens

213 1837 492 1908 inStagirita,
515 1846 655 1893 malle
666 1841 725 1903 se,
743 1841 1067 1900 afferebat,tar-

213 1912 395 1961 diorem
407 1906 493 1957 effe
502 1911 703 1974 ingenio,
739 1924 881 1973 quam
893 1911 1067 1957 melan—

212 1977 397 2026 cholico
405 1977 560 2038 genio,
582 1988 635 2022 ut
647 1977 703 2023 ab
710 1976 919 2023 humoris
930 1976 1067 2036 hujus

221 2041 492 2103 intemperie
503 2038 689 2104 longius
707 2038 886 2088 abelset.
908 2043 1072 2088 Nove-

224 2106 293 2157 rat
324 2104 510 2163 scilicet,
542 2107 902 2154 Melancholiam
933 2141 947 2162 ‚
979 2120 1074 2152 non

227 2167 348 2221 male
359 2173 414 2220 ab
424 2172 652 2235 aliquibus
663 2169 919 2228 definitam,
943 2167 1075 2234 quod

228 2237 282 2288 sit
315 2237 506 2285 delirium
538 2242 615 2299 [ine
638 2239 763 2301 febre
784 2276 798 2296 ,
848 2251 925 2296 jane
954 2234 1076 2281 causei

231 2311 387 2360 metus,
421 2307 671 2357 [mei-itione.
681 2312 852 2353 tremor.
917 2305 1080 2350 Nove-

232 2380 303 2416 rat
328 2365 487 2423 fuiffe,
523 2369 603 2430 qui
630 2369 721 2415 hoc
756 2380 856 2416 atro
897 2363 1081 2431 sympto

235 2444 360 2481 mate
370 2434 600 2489 turbatus,
633 2433 826 2490 diceret,
855 2428 896 2480 se
909 2443 1083 2480 morta-

231 2499 351 2548 lium
360 2492 493 2560 plane
505 2496 807 2546 miserrimum
829 2536 840 2553 ,
873 2496 932 2545 eo
951 2495 1083 2560 quod

236 2561 322 2612 ηῑτῑν
353 2560 482 2609 effet:
519 2565 658 2610 alium
678 2601 691 2619 ‚
726 2565 805 2627 qui
833 2564 1086 2611 lateritium

239 2623 328 2677 sese
363 2625 552 2674 firmiter
581 2629 781 2676 crederet
807 2645 822 2688 3
886 2625 1004 2676 adeo
1033 2640 1085 2676 ut

236 2706 431 2744 <onmem
446 2690 629 2759 prorsue
646 2706 815 2759 potum
830 2691 1086 2761 respueret,

1104 471 1274 519 humor
1304 470 1377 516 hic
1396 479 1585 517 terreus.
1684 464 1824 520 Certe
1848 468 1960 522 fuit,

1107 537 1184 598 qui
1195 534 1334 597 pedes
1353 536 1519 583 habere
1527 535 1700 584 vitreos
1713 572 1726 592 ,
1751 547 1846 583 tam
1861 534 1958 580 evi-

1106 596 1266 647 denter
1278 599 1353 646 fibi
1363 598 1635 663 persuaserat
1659 637 1672 656 ,
1704 594 1957 662 utnecpas-

1109 663 1207 712 sum
1226 680 1503 727 promovere
1532 664 1719 714 auderet
1741 705 1754 723 ,
1790 681 1848 712 ne
1865 662 1961 726 sty-

1107 731 1272 778 lobatae
1281 729 1400 778 adeo
1420 731 1604 793 fragiles
1617 769 1629 787 ‚
1659 734 1703 779 in
1713 729 1855 779 frusta
1863 731 1962 778 for-

1107 795 1218 844 sitan
1229 792 1482 843 diffilirent.
1519 798 1637 853 Fuit,
1663 799 1743 860 qui
1755 814 1810 846 ex
1821 799 1962 858 buty-

1108 877 1161 908 ro
1173 863 1468 924 coagulatum
1481 858 1700 910 sediceret
1713 901 1726 919 ,
1760 865 1810 912 &
1823 860 1929 909 ideo
1948 896 1962 915 ,

1109 922 1215 975 licet
1234 924 1418 989 opificio
1428 925 1573 975 Pistor
1591 965 1602 983 ,
1628 930 1742 976 nulli
1756 928 1872 992 igni,
1907 941 1965 974 ne

1114 991 1263 1038 dicam
1293 993 1471 1039 clibano
1513 989 1592 1039 suo
1626 996 1966 1058 appropinqua-

1113 1059 1190 1104 bat
1206 1095 1219 1113 ,
1253 1070 1305 1104 ut
1329 1074 1386 1105 ne
1412 1059 1563 1105 calore
1587 1057 1816 1108 difflueret
1837 1057 1969 1106 forsi-

1117 1135 1194 1170 tan
1217 1160 1230 1178 ‚
1268 1126 1318 1172 &
1350 1120 1615 1171 solveretur.
1710 1129 1812 1176 Fuit
1831 1164 1843 1182 ,
1887 1123 1969 1187 qui

1116 1200 1356 1236 mortuum
1369 1185 1480 1246 sese,
1515 1191 1654 1238 etiam
1677 1190 1833 1255 jurato
1859 1188 1969 1238 affe-

1116 1266 1233 1301 reret
1249 1270 1264 1313 3
1303 1254 1401 1302 imo
1414 1255 1520 1312 fuit,
1542 1257 1592 1305 &
1606 1252 1832 1320 quideme
1848 1256 1970 1304 Peri-

1116 1331 1228 1382 pato
1240 1321 1422 1383 Sophus
1449 1359 1461 1377 ,
1494 1324 1575 1384 qui
1587 1325 1710 1372 ultra
1722 1320 1973 1385 Magisteri'i

1116 1386 1334 1441 lauream,
1347 1389 1411 1433 ita
1421 1400 1516 1434 erat
1525 1386 1725 1446 nasutus,
1746 1402 1796 1436 ut
1809 1387 1972 1450 imagi-

1119 1452 1308 1499 natione
1316 1450 1586 1515 praeposterzi
1603 1491 1615 1510 ‚
1653 1452 1812 1503 nasum
1835 1453 1890 1501 ad
1902 1452 1975 1499 uls

1120 1516 1469 1564 namArcadiam
1481 1517 1558 1567 sibi
1576 1517 1977 1582 excreviffe,perti-

1121 1584 1291 1629 naciter
1312 1580 1600 1632 asseveraret:
1641 1587 1746 1633 hinc
1765 1602 1823 1633 ne
1852 1578 1977 1633 forte

1122 1648 1612 1711 impingeret,haerebat
1625 1649 1796 1714 semper
1806 1653 1978 1698 immo-

1122 1725 1215 1778 tus,
1237 1727 1376 1775 atque
1385 1712 1578 1779 propius
1591 1717 1872 1774 accedenteS,
1883 1717 1976 1765 cla-

1121 1792 1253 1824 more
1287 1779 1446 1840 palido
1469 1816 1483 1836 ‚
1524 1784 1833 1843 praemonebat
1853 1819 1867 1838 ,
1918 1796 1977 1830 ne

1120 1842 1437 1906 proboscidem
1471 1841 1595 1897 forte
1643 1846 1930 1896 offenderent
1962 1881 1977 1904 ,

1122 1910 1198 1957 vel
1225 1911 1558 1960 conculcarent.
1653 1915 1723 1962 Sic
1759 1910 1934 1975 sapiunt
1960 1947 1978 1969 ,

1127 1977 1205 2038 qui
1218 1972 1417 2024 nimium
1429 1971 1606 2038 sapiunt
1624 2016 1638 2035 ,
1678 1979 1784 2029 &in
1797 1980 1980 2027 Melan-‘-

1128 2041 1411 2089 cholicorum
1450 2044 1660 2105 Peripato
1702 2040 1790 2093 sese
1819 2046 1981 2103 Bacca-

1128 2106 1311 2155 laureos
1330 2109 1655 2169 ampullantur.

1193 2237 1394 2286 LEUCR:
1441 2237 1493 2287 Id
1514 2237 1755 2288 enimvero
1779 2240 1984 2288 credide-

1134 2301 1221 2348 rim
1244 2338 1258 2358 ‚
1290 2300 1321 2349 fi
1339 2305 1684 2353 Monarchicum
1703 2306 1780 2354 fibi
1799 2307 1986 2369 imperi·-

1135 2381 1217 2413 um
1230 2367 1439 2419 vendicet
1463 2372 1787 2422 Melancholia.
1868 2375 1954 2420 Fac
1972 2408 1987 2428 ,

1137 2432 1402 2501 phlegmate
1421 2447 1730 2499 temperetur,
1765 2438 1849 2484 erit
1875 2473 1888 2493 ,
1934 2449 1988 2484 ut

1140 2498 1231 2560 ipia
1239 2500 1386 2548 Pallas
1396 2502 1516 2548 hunc
1524 2501 1600 2549 fibi
1623 2514 1808 2564 expetat
1819 2502 1989 2549 humo-

1139 2578 1252 2613 rem.
1285 2573 1386 2613 ΛΨ]
1411 2567 1853 2626 ·Erras3s1necholera
1864 2568 1992 2630 inge·-

1140 2631 1270 2677 nium
1280 2632 1463 2678 nullum
1477 2629 1849 2694 scintillat.Age,p
1855 2647 1900 2678 er
1911 2647 1992 2678 ex·-

1143 2697 1297 2763 ernpla
1308 2709 1353 2747 te
1361 2696 1527 2753 ducam
1537 2696 1694 2750 denuo
1707 2735 1722 2767 ,h
1744 2708 1796 2745 ut
1807 2696 1992 2772 physici,-

1808 2775 1995 2830 gnonu³
