2294 2933
64 396 138 467 E‘p.
172 409 227 453 ad

64 474 198 517 Lucil.

325 93 418 140 350
1019 85 1206 133 Ariadne
1231 84 1406 147 Phys-Ira.

318 215 517 276 quorum
573 198 917 266 multiplicem·
928 204 1165 265 experien»
1222 201 1669 265 ScyHamaxerl'an'tur,
1684 207 1769 256 &f
1768 198 2063 271 ugiuntlup'r:

315 271 347 314 ti
353 283 424 313 am
440 269 628 330 Magicae
641 268 812 315 fraudis
826 266 1070 330 postulare,
1083 283 1164 315 ne-

311 347 392 379 mo
420 334 559 396 pius,
616 328 881 393 ἀοέἱιιεεῑυε
908 329 1162 393 praesumet.

312 400 418 445 Haec
430 398 613 446 Author
627 398 697 443 hic
715 397 928 451 celebris,
957 396 1073 443 illud
1084 398 1169 444 Se·-

309 478 427 509 necae
442 461 635 514 addens,
659 461 1026 538 epiphonematis
1042 462 1160 517 loco,

311 546 387 574 non
406 546 431 574 ι
417 525 611 587 summis
627 528 747 572 labris
761 527 834 587 ista
851 531 1054 574 veniunt·
1086 530 1161 573 ha-

308 596 401 639 bent
426 595 478 636 hae
505 608 626 637 ‘taces
645 608 739 637 meae
749 592 1094 668 fundamentum.

374 656 554 704 LEUC.
596 650 815 701 Exirem
799 671 822 700 e
840 655 987 704 horto
994 656 1159 717 Magia:

302 721 560 775 Bottnico,
597 719 645 767 ni
663 720 896 775 adlimen,
920 720 1157 783 paradoxo

305 783 562 848 spectaculo
597 785 822 832 detineret
853 800 928 831 me
961 786 1153 831 Laurus.

303 851 454 907 Itane,
476 849 605 913 quod
617 852 765 912 ajunt,
786 863 871 896 tria
883 850 1154 912 strepente

301 919 347 963 in
373 932 511 978 quae,
543 931 648 962 raro
669 918 854 962 Naturae
875 916 1120 977 privnlegio
1141 951 1154 970 ,

301 983 482 1028 nullam
505 977 783 1042 potestatem
805 981 944 1026 etiam
975 981 1154 1042 Jupiter

300 1047 589 1095 fulminans?
625 1051 785 1093 JWEL.
820 1047 890 1092 Sic
911 1052 1153 1092 autu-mant

301 1111 683 1174 Phyfiologorum
729 1125 824 1157 non
860 1111 1008 1158 inania
1050 1113 1152 1157 No·-

300 1179 448 1224 mina:
491 1192 515 1223 a
532 1177 697 1238 quibus
711 1172 997 1237 persuasum,
1019 1191 1150 1230 reor,

301 1238 614 1290 Octavianum
631 1238 918 1303 Augustum,
949 1253 1001 1287 ut
1016 1240 1150 1286 vituli

299 1309 459 1354 marini
479 1307 651 1370 pellem
675 1322 757 1368 pro
783 1303 907 1352 scuto
939 1303 1150 1351 adversus

299 1374 530 1427 fulmina,
569 1386 811 1434 nunquam
840 1387 933 1418 non
961 1372 1151 1417 circum·-

297 1439 439 1486 ferret
454 1454 476 1484 εΔ
493 1440 712 1486 Severum
730 1475 742 1494 ,
777 1448 829 1483 ut
844 1436 1009 1483 eodem
1024 1437 1150 1482 corio

300 1500 511 1552 leelicam
534 1505 796 1565 obtegeret:
827 1501 1081 1558 Tiberium,
1103 1512 1152 1548 ut

301 1581 430 1615 metu
465 1569 674 1615 fulminis
706 1565 932 1630 perculsus
959 1605 971 1623 ,
1010 1565 1151 1614 subita

300 1635 454 1681 Lauro
483 1631 524 1681 se
555 1644 811 1681 coronaret.
901 1634 1150 1680 Rationem

299 1699 328 1748 si
356 1713 507 1761 petas;
547 1700 700 1761 plures
723 1699 766 1744 in
780 1690 1149 1744 cumulum‘con-

298 1776 464 1826 gerunt
494 1801 506 1819 ‚
544 1779 645 1837 quae
671 1776 824 1810 tamen
855 1764 1003 1809 fulcro
1034 1764 1150 1808 anti-

300 1846 326 1891 p
335 1831 464 1875 itliiae
485 1830 902 1875 unicoinnituntur.
941 1831 1010 1876 Sic
1027 1830 1150 1875 enim

302 1907 497 1956 arguunt
521 1911 543 1941 a·
566 1896 675 1957 pari.
758 1897 866 1944 Vitis
886 1926 902 1950 ,
938 1900 1147 1950 Laurum,

301 1963 517 2008 &Hedera
521 1979 558 2006 'n
572 1961 636 2006 fat
642 1960 699 2005 ili
718 1957 835 2005 adeo
849 1956 1008 2005 nausea
1020 1973 1076 2004 av
1081 1974 1151 2005 er-

301 2021 434 2081 satur,
459 2038 527 2079 ut,
551 2024 680 2071 sicubi
702 2039 897 2070 Vicinam
913 2022 1085 2079 sentiat,
1105 2024 1150 2070 in

301 2088 535 2137 adversam
582 2087 624 2136 se
670 2102 886 2150 torqueat
930 2103 1148 2151 partem,

302 2150 626 2227 quantumque
638 2153 815 2217 potest,
852 2156 906 2201 ab
919 2156 1007 2202 illis
1025 2155 1149 2202 refu-

298 2223 415 2283 giat:
453 2220 819 2293 experimentum
833 2220 958 2267 dabit
972 2236 1051 2267 vas
1068 2220 1149 2266 he·-

299 2284 564 2341 deraceum‚
590 2300 659 2331 cui
673 2283 703 2331 fi
717 2287 877 2332 vinum
899 2285 1111 2335 infundas
1131 2322 1144 2341 ‚

299 2350 487 2398 Thetidi
513 2352 805 2406 maritatum,
839 2352 1000 2397 vinum
1029 2350 1144 2398 odio

299 2418 446 2461 hedera:
466 2416 490 2473 <
505 2427 767 2462 remanente
782 2415 928 2478 aqua>
949 2414 1147 2464 effundi-

299 2491 372 2526 tur
387 2479 534 2536 illico,
568 2480 815 2527 hederaceo
837 2480 937 2528 vase
958 2481 1146 2544 nequic-

299 2560 439 2606 quam
474 2546 704 2605 liquorem
749 2546 999 2607 profugum
1034 2547 1144 2593 reti-

297 2621 450 2656 nente.
521 2613 693 2670 Braffictz
712 2611 842 2672 fugat
862 2615 994 2657 vitem
1015 2643 1032 2668 ,
1068 2609 1142 2660 sed

1219 269 1406 316 herbam
1423 273 1585 317 timent
1601 273 1755 327 ,homz
1763 290 1842 320 nes
1869 281 2062 318 terrent:

1219 333 1422 390 ferrum,
1455 332 1731 399 strictosque
1753 338 1949 385 acinaces
1970 347 2065 381 non

1217 398 1504 456 formidant,
1537 401 1587 448 &
1613 412 1764 448 tamen
1801 394 2063 448 collisorum

1219 462 1424 525 lapidum
1456 462 1710 526 strepitum
1732 467 1889 527 fugam
1919 465 2063 524 conji-

1217 530 1409 575 ciuntur.
1481 533 1678 576 Platanus
1698 560 1715 586 ,
1748 531 1954 577 Authore
1973 531 2062 575 Pli-

1139 609 1144 615 ’
1213 594 1293 639 nio
1297 591 1735 655 ,vespertilionibus
1727 596 1904 640 inimica
1918 609 1927 638 :
1943 593 2061 648 hinc,

1207 670 1267 704 ut
1293 673 1318 705 a
1347 657 1464 704 nidis
1496 659 1602 705 illos
1632 660 1830 707 Ciconiae
1855 669 2061 712 arceant,

1212 723 1338 769 foliis
1349 724 1521 772 Platani
1534 724 1748 770 muniunt
1761 719 1961 769 excelsos
1971 722 2062 768 La-

1212 804 1297 834 res.
1400 794 1534 850 Aqua
1567 804 1662 834 rutae
1689 784 1915 842 decoffla,
1948 800 2059 832 con-

1211 853 1325 898 clavi
1342 849 1504 915 aspera,
1518 854 1722 900 eliminat
1738 849 1924 906 muscas,
1942 849 2058 911 agit-

1211 932 1301 979 que
1321 919 1366 963 in
1383 917 1542 990 fugam
1565 919 1773 996 pulices,
1809 912 2058 963 molestum

1211 983 1404 1038 animal,
1426 984 1479 1028 iis
1420 977 1740 1094 affipljaecspuxe’
1768 998 1885 1045 quos
1898 982 2058 1043 pluteo

1209 1043 1496 1096 firmihsaffi
1533 1049 1566 1094 it
1599 1048 1761 1095 Pallas.
1833 1050 2057 1093 Fraxinum

1208 1111 1264 1158 fic
1281 1110 1443 1159 exosus
1464 1063 1529 1159 ei}
1551 1114 1778 1176 Serpens,
1804 1123 1856 1159 ut
1878 1113 1928 1160 &
1951 1111 2058 1157 hor-

1208 1189 1304 1223 reat
1318 1179 1442 1225 illius
1454 1178 1682 1234 umbram,
1697 1181 1928 1225 Pavonem
1940 1172 2056 1222 vero

1208 1240 1263 1289 fic
1281 1238 1539 1298 aversatur,
1573 1256 1625 1289 ut
1645 1258 1726 1289 nec
1747 1256 1910 1289 vocem
1931 1238 2056 1287 susti-

1208 1319 1328 1353 neat
1396 1307 1556 1356 Cauda
1584 1308 1719 1369 lupi,
1772 1310 1816 1353 in
1843 1303 2055 1369 praescpio

1210 1368 1436 1434 suspensa,
1466 1373 1676 1435 prohibet
1690 1369 1866 1435 equos,
1899 1387 1957 1417 ne
1978 1386 2057 1416 coa

1208 1437 1410 1485 medant.
1448 1439 1598 1500 Lyra,
1626 1433 2055 1511 vulpeculaefidibus

1209 1505 1433 1559 animata,
1456 1504 1670 1565 gallinas
1662 1519 1706 1549 in
1719 1504 1878 1565 fugam
1893 1501 2055 1548 vertit:

1211 1566 1467 1630 serpentum
1502 1566 1631 1615 vero
1645 1571 1802 1615 nervis
1844 1578 2052 1623 armata,

1208 1633 1307 1696 ipsis
1327 1634 1615 1746 {ominibus
1616 1634 1780 1680 incutit
1805 1644 2055 1679 terrorem:

1207 1700 1309 1745 hinc
1375 1697 1510 1746 ischas
1534 1696 1756 1760 quidam,
1801 1694 2006 1745 haeretica
2023 1690 2059 1742 ὲ

1207 1766 1333 1810 caula
1348 1761 1515 1826 lupus
1525 1780 1563 1807 v
1552 1765 1608 1810 el·
1621 1763 1649 1811 fi
1662 1766 1810 1810 mavis
1826 1763 1986 1824 vulpes
2002 1760 2055 1808 fie-

1206 1831 1320 1885 mul,
1342 1828 1607 1901 &serpens,
1619 1828 1960 1876 detrahendum
1977 1827 2055 1874 fibi

1207 1893 1308 1976 post
1322 1896 1427 1942 fata
1434 1908 1631 1950 corium,
1666 1909 1889 1957 tympano
1910 1893 2054 1956 aptari

1206 1956 1343 2022 juint,
1358 1977 1415 2007 eo
1428 1958 1534 2016 fine,
1548 1933 1870 2015 υῐὲὴτὰίὶὶληί,
1885 1959 2051 2022 quibus
2091 1977 2100 1981 ⁴

1208 2027 1369 2072 terrori
1388 2027 1536 2072 fuerat
1558 2027 1740 2082 vivens,
1773 2024 2052 2103 antipathico

1208 2090 1579 2153 timorffperculfi
1604 2127 1616 2146 ,
1636 2092 1808 2138 etiam
1820 2107 1843 2137 a
1860 2094 2052 2135 mortuo

1206 2158 1250 2202 in
1275 2158 1438 2218 fugam
1457 2161 1845 2203 converterentur.
1881 2157 2052 2216 Elephas

1206 2221 1261 2268 ad
1283 2233 1514 2275 armatam
1550 2221 1825 2284 phalangem
1855 2220 2055 2281 impavi-

1200 2286 1286 2334 dus
1299 2324 1310 2343 ,
1337 2287 1391 2333 ad
1410 2286 1638 2334 nefrendis
1649 2287 1919 2348 grunnitum
1933 2294 2060 2332 mox·

1202 2363 1327 2416 terga
1360 2354 1515 2399 vertit.
1581 2354 1942 2414 Hippopotamum,
1994 2351 2046 2401 &

1200 2423 1373 2465 Leonem
1408 2419 1705 2478 (immanem
1738 2416 1857 2463 hunc
1890 2416 2045 2462 homi-

1200 2497 1311 2529 num
1323 2484 1569 2544 terrorem>
1583 2483 1743 2528 unicus
1759 2480 2046 2543 terretephe-

1198 2549 1364 2602 bulus,
1395 2545 1600 2608 taedaque
1619 2544 1860 2594 straminea
1881 2560 2045 2593 eorum

1198 2613 1448 2660 exercitum
1468 2613 1510 2657 in
1533 2610 1693 2674 fugam
1714 2613 1866 2658 vertit.
1934 2611 2055 2658 Haec

297 2675 348 2731 ,ὃς
385 2670 576 2723 vicissim
609 2675 795 2740 fugatur
835 2675 861 2728 ἐι
904 2681 1139 2737 cyclamino.
1194 2678 1264 2727 illi
1298 2679 1345 2725 in
1376 2676 1583 2726 medium
1618 2678 1931 2742 experimenta
1954 2711 1968 2731 ,
2003 2669 2047 2746 ,ὲ

1933 2753 2039 2804 (ΙΨ-
