2294 2933
65 1389 219 1429 Meta.

66 1464 115 1493 v.
148 1460 221 1502 Sy.

65 1515 273 1569 Luae.

317 117 408 165 ΗΘ
982 111 1207 158 Academia
1238 111 1476 155 Brutorum.
2252 133 2257 200 ¹

316 230 599 267 unamterrae
611 220 825 287 affigunt,
848 226 1035 272 alteram
1055 240 1160 271 cau-

316 286 372 332 da
408 283 636 347 'sapienter
675 293 895 345 obturant,
945 309 992 335 ne
1034 308 1158 337 exau-

257 380 291 405 κ,
315 356 430 398 (liant
478 370 618 399 ‘vocem
664 358 834 415 venefici
894 359 1156 401 incantantis.

310 421 606 477 Abnegationis
637 435 828 480 quoque
857 423 1064 468 encomia
1089 438 1160 469 re-

313 483 418 529 tulit
454 483 553 527 Leo
587 485 664 528 ille
702 484 1034 533 Barcinonenfis
1067 491 1080 545 ”,
1140 507 1164 536 e

316 549 394 607 qui
415 583 427 601 ,
471 561 521 593 ut
544 544 738 594 furiosos
763 551 959 596 nimium
985 552 1055 598 irae
1075 554 1161 601 imss

234 638 292 666 ar.
314 625 447 672 petus
465 612 776 658 moderaretur
792 651 803 669 ,
834 627 927 661 tam
951 618 1160 665 violento

317 674 355 723 se
373 674 411 722 se
426 678 618 738 imperio
629 676 890 740 compi-citit
903 719 913 731 ,
945 695 995 729 ut
1008 680 1158 731 subito

312 756 595 798 moreretur,
626 744 791 790 fortior
812 749 973 808 utique
990 747 1101 795 dum
1120 745 1161 795 se

311 806 454 869 quam
477 807 587 854 dum
598 806 840 858 fortiffnna
861 814 968 859 vicit
987 815 1158 861 anima-

309 873 395 929 lia,
434 871 787 937 prostravitque.
857 879 927 924 Sic
952 894 1158 926 amorem

312 954 504 1002 quoque
520 938 777 1000 coelestium
798 957 882 988 nos
894 943 1029 991 docet
1042 947 1160 993 Ura-

310 1001 535 1065 noseopus
556 1002 681 1066 piscis
705 1043 718 1061 ‚
759 1005 783 1053 a
801 1006 984 1069 juniore
1009 1010 1160 1058 Tobia

310 1083 468 1132 captus
491 1086 499 1114 :
538 1085 711 1117 nomen
736 1074 871 1119 traxit
897 1089 954 1120 ex
972 1076 1157 1134 omine3

309 1151 416 1181 nam
436 1136 621 1182 unicum
635 1139 822 1184 oculum
841 1154 1002 1200 gerens
1017 1177 1029 1196 ,
1061 1155 1157 1202 quo

310 1201 504 1250 Coelum
518 1197 701 1263 speum,
719 1200 873 1250 ereeto
888 1201 1059 1267 semper
1071 1203 1158 1253 stat

311 1281 533 1328 corpore,
594 1267 717 1328 quasi
751 1270 884 1317 nobis
918 1281 1159 1334 oggereret

312 1332 430 1378 illud
456 1330 636 1380 Ovidii.
675 1333 701 1381 f

313 1403 371 1445 Os
395 1401 542 1444 homini
558 1395 729 1459 sublime
753 1401 898 1458 dedit,
933 1399 1160 1462 Coelu‘mque

677 1478 783 1521 tum

312 1529 439 1594 Juffit
461 1534 479 1586 ',
534 1530 580 1579 δέ
603 1533 750 1576 ereros
774 1531 830 1575 ad
853 1533 994 1577 Sidera
1020 1533 1158 1577 tollere

658 1599 820 1642 vultus.

309 1658 461 1705 Etiam
493 1663 632 1706 Crucis
650 1677 824 1706 amorem
859 1660 882 1718 (
905 1661 984 1721 qui
1006 1661 1049 1705 in
1070 1660 1157 1706 ho-

309 1724 509 1770 minibus
533 1729 693 1788 rarus)
720 1725 902 1786 reperiri
917 1726 961 1771 in
983 1727 1157 1772 anima-

307 1790 427 1836 libus
466 1790 648 1837 Author
684 1788 749 1837 est
783 1792 1152 1853 Nierenbergius.

308 1870 338 1917 g
370 1855 449 1902 Ait
481 1854 560 1900 ille
587 1892 599 1911 ,
650 1861 799 1903 Avein
832 1855 1033 1902 Indicam
1071 1853 1154 1902 effe

280 1921 332 1979 .(
363 1922 430 1966 cui
466 1935 637 1969 nomen
671 1925 960 1970 Hoitziltorlus
995 1924 1014 1981 )
1059 1923 1155 1968 exi-

307 2000 445 2048 guam
459 1990 673 2047 corpore,
694 1983 767 2032 sed
786 1985 1026 2047 prudentia
1039 2002 1155 2049 qua-

308 2050 415 2096 dam
475 2051 722 2099 incred÷bili
773 2052 1106 2113 praecellentem
1142 2069 1153 2098 :

309 2131 410 2177 quae
424 2114 725 2179 posteaquam
751 2116 1024 2174 adoleverit,
1048 2133 1154 2179 pro-

306 2195 455 2228 ceram
484 2182 690 2230 arborem
711 2194 880 2244 quaerat
906 2219 920 2239 ,
955 2183 1002 2229 in
1027 2198 1118 2244 qua
1141 2220 1154 2240 ‚

310 2262 506 2310 quoquo
527 2246 675 2309 potest
704 2247 849 2293 modo
873 2283 886 2302 ‚
921 2245 1153 2311 crucifiga-

310 2322 383 2359 tur
404 2328 413 2355 ε
461 2311 684 2374 fiquidem
710 2309 846 2358 affixa
868 2311 1018 2360 rostro
1040 2350 1052 2370 ‚
1097 2328 1154 2359 ex

311 2393 359 2423 ea
390 2375 430 2424 se
462 2374 687 2441 suspendit
716 2414 730 2433 ,
773 2393 823 2424 ac
841 2392 919 2438 per
948 2375 1154 2425 semestre

310 2439 529 2502 spatium,
560 2444 832 2506 autjejuna,
870 2456 947 2490 aut
969 2456 1153 2490 mortua

307 2508 373 2554 illi
403 2508 626 2565 adhaeret,
662 2508 809 2557 donec
833 2509 985 2555 vitalis
1014 2511 1053 2554 ei
1082 2524 1152 2555 re-

307 2571 467 2620 floreat
489 2589 682 2621 annona.
739 2572 770 2620 h
801 2571 890 2619 Sed
903 2575 1149 2635 fidelitatis,

312 2640 358 2688 83
391 2643 663 2700 gratitudinis
700 2638 864 2685 decora
898 2636 928 2685 fi
971 2652 1150 2700 praeter-

309 2705 494 2752 mittam
513 2741 527 2762 ,
560 2704 618 2752 de
636 2707 886 2755 Brutorum
904 2703 1062 2752 Ethica
1082 2703 1152 2751 ni-

1214 224 1277 271 hil
1300 224 1424 283 dixi,
1447 228 1519 274 vel
1535 236 1712 290 parum.
1749 228 1938 291 Speciali
1959 242 2052 274 me-
2074 240 2176 291 senff,
2202 209 2262 292 nl
2290 272 2291 276 ,

1216 292 1362 336 moria
1394 293 1643 340 celebratur
1669 297 1826 341 canina
1856 292 2017 356 species
2044 308 2133 370 ηρ,
2153 300 2276 374 44,1,

1216 366 1355 415 'quam
1392 359 1540 403 homini
1571 360 1833 420 fideliffimum
1870 357 2056 406 testatur
2075 387 2176 419 cent.
2208 388 2280 432 δύ,

1215 421 1386 467 Plinius
1410 436 1423 479 3
1479 421 1655 484 Lipsius
1690 424 1803 470 veri)
1833 424 2057 486 exemplis
2074 439 2181 499 epist,
2202 455 2250 494 5⁶

1218 482 1460 531 confirm-it
1475 523 1486 541 ,
1525 502 1719 548 uterque
1735 489 1792 535 de
1809 493 2057 536 Brutorum
2250 513 2262 551 4⁴

1198 551 1464 611 vRe'p'ublica
1477 548 1654 612 optime
1679 554 1884 600 meritus,
1928 555 2060 603 Aluit
2251 554 2255 612 ¹,

2251 613 2254 631 l
2282 628 2284 631 ⁴

1215 630 1372 662 canem
1394 616 1544 678 Lypsii
1571 620 1712 673 Avia,
1749 620 1828 680 qui
1852 619 1905 674 ab
1918 633 2060 680 aegro-

1217 683 1353 728 tantis
1370 682 1638 735 thalamo,vi
1656 684 1782 730 nulla
1795 682 1959 743 depelli
1975 699 2059 744 po-

1219 758 1333 792 terat
1350 783 1361 801 ,
1398 746 1476 792 diu
1497 743 1737 810 noetuque
1750 745 1898 794 fidelis
1920 749 2058 809 vigil,

1218 811 1296 856 vix
1314 812 1391 858 illa
1406 813 1526 858 Fatis
1545 811 1837 869 concesserat,
1863 827 1969 858 cuin
1985 813 2061 859 ille

1215 877 1397 923 ululans
1420 913 1431 932 ‚
1467 875 1651 925 reduffihi
1680 878 1818 925 cauda
1839 916 1851 934 ,
1890 880 1934 923 in
1952 878 2061 924 hor-

1215 953 1314 988 tum
1335 939 1375 987 se
1395 944 1586 1004 proripit
1609 980 1621 998 ,
1654 944 1843 1005 pedibus
1862 941 2060 989 scrobem

1216 1006 1378 1052 leniter
1389 1007 1575 1064 fodient,
1599 1005 1639 1054 se
1654 1007 1693 1056 se
1708 1011 1886 1071 ingerit,
1910 1007 2060 1056 &fine

1215 1073 1421 1118 Domina
1453 1073 1557 1119 vitae
1583 1071 1790 1136 pertaesus
1824 1111 1836 1130 ,
1892 1073 2059 1135 pariter

1216 1138 1371 1183 vivere
1383 1136 1525 1184 desiit.
1580 1145 1621 1186 A
1646 1139 1882 1188 Cadavere
1903 1137 2062 1200 Pyrrhi

1213 1201 1455 1264 cujusdam
1474 1204 1610 1251 avelli
1629 1207 1749 1252 canis
1763 1221 1855 1251 non
1875 1203 2058 1266 potuit:

1215 1282 1320 1313 cum
1332 1265 1582 1324 efferretur,
1603 1271 1638 1316 is
1652 1269 1813 1317 infilire
1827 1271 1870 1316 in
1883 1264 2061 1316 leffium

1215 1347 1322 1379 cum
1338 1332 1645 1395 deponeretur
1672 1336 1718 1382 in
1734 1349 1903 1397 rogum
1924 1336 1959 1380 is
1980 1348 2061 1394 pa-

1214 1398 1322 1445 riter
1343 1394 1385 1445 se
1417 1395 1459 1445 se
1477 1399 1679 1462 ingerere
1702 1437 1715 1456 ‚
1767 1402 1818 1449 &
1835 1415 1927 1446 una
1955 1413 2061 1446 cum

1215 1462 1327 1509 hero
1345 1460 1494 1511 fidelis
1522 1461 1709 1512 vie‘tima
1730 1467 1777 1512 in
1795 1466 1964 1513 cineres
1987 1478 2058 1509 re-

1211 1527 1322 1591 digi.
1420 1530 1551 1577 Titio
1580 1531 1778 1587 Sabine,
1816 1531 1979 1580 Rornae
2010 1528 2059 1575 in

1212 1598 1387 1643 carcere
1411 1592 1692 1657 interempto
1714 1632 1728 1652 ,
1777 1611 1826 1642 ac
1848 1597 1897 1642 in
1921 1592 2057 1641 scalas

1211 1660 1464 1707 Gemonias
1494 1656 1704 1722 projecsto
1725 1697 1739 1717 ‚
1789 1661 1907 1707 canis
1934 1656 2053 1724 fidus

1213 1722 1367 1772 assecla
1396 1723 1539 1772 astitit
1563 1762 1576 1781 ,
1615 1738 1710 1773 tam
1730 1724 1984 1772 horrendos
2011 1726 2057 1771 in

1210 1790 1415 1838 ululatus
1449 1791 1694 1853 erumpens
1719 1827 1733 1848 ,
1768 1795 1821 1838 ut
1850 1792 2055 1852 populus

1213 1858 1451 1902 turmatim
1479 1852 1689 1903 afflueret
1710 1893 1723 1912 ,
1752 1853 2055 1918 <obje6'toque

1210 1935 1327 1981 pane
1373 1918 1746 1968 inconsolabilem
1794 1918 2010 1968 solaretur
2038 1935 2048 1965 :

1213 1983 1285 2031 sed
1309 1986 1385 2033 ille
1404 1999 1639 2048 arreptum
1653 1984 1899 2034 frustulum
1923 1984 2053 2033 cada-

1210 2051 1328 2097 veris
1349 2053 1414 2097 ori
1437 2051 1751 2115 nequidquam
1773 2051 2020 2098 admovere
2038 2086 2052 2106 ,

1209 2117 1255 2161 in
1272 2116 1493 2178 Tyberim
1512 2113 1776 2178 projeetum
1799 2114 1943 2178 sequi,
1973 2114 2051 2161 ad-

1209 2192 1388 2237 natare,
1415 2177 1456 2228 se
1470 2178 1510 2228 se
1523 2179 1799 2244 supponere,
1821 2196 1870 2227 ac
1884 2177 2053 2227 susten-

1213 2259 1307 2292 tare
1325 2245 1489 2293 frustra
1502 2258 1690 2293 conatus
1703 2283 1714 2301 ,
1744 2245 1928 2307 tandem
1947 2259 2052 2292 cum

1210 2311 1419 2358 Domino
1441 2314 1609 2374 mergi,
1640 2310 1964 2372 demergique,
1995 2306 2051 2357 fi-

1208 2375 1410 2424 delitatis
1451 2375 1661 2424 inauditae
1707 2373 1868 2423 reliE'to
1909 2377 2050 2423 etiam

1207 2441 1472 2488 hominibus
1497 2440 1776 2488 testimonio.
1841 2442 1969 2497 Fuit,
2000 2451 2052 2487 ut

1206 2506 1392 2554 Author
1426 2504 1492 2553 est
1519 2508 1580 2553 D.
1610 2504 1871 2554 Ambrosius
1899 2542 1913 2562 ,
1969 2505 2051 2567 qui

1206 2572 1426 2627 Domini,
1456 2569 1514 2617 de
1532 2567 1670 2618 noete
1684 2566 1925 2626 interfecti‚
1946 2573 2046 2618 Par-

1207 2635 1392 2683 ricidam
1417 2673 1430 2691 ,
1475 2634 1588 2682 dum
1615 2637 1752 2683 turbae
1776 2636 2016 2684 immixtus
2033 2669 2049 2690 .

1207 2700 1398 2750 cadaver
1422 2712 1528 2749 orto
1553 2697 1653 2754 'sole
1670 2700 1899 2751 accederet
1922 2736 1936 2756 ,
1976 2700 2049 2745 in-

1953 2775 2046 2811 cre-
