<?xml version="1.0" encoding="UTF-8"?>
<!DOCTYPE html PUBLIC "-//W3C//DTD XHTML 1.0 Transitional//EN"
    "http://www.w3.org/TR/xhtml1/DTD/xhtml1-transitional.dtd">
<html xmlns="http://www.w3.org/1999/xhtml" xml:lang="en" lang="en">
 <head>
  <title>
</title>
<meta http-equiv="Content-Type" content="text/html;charset=utf-8" />
  <meta name='ocr-system' content='tesseract 3.04.00' />
  <meta name='ocr-capabilities' content='ocr_page ocr_carea ocr_par ocr_line ocrx_word'/>
</head>
<body>
  <div class='ocr_page' id='page_1' title='image "./peripateticusnos00schw_0080.png"; bbox 0 0 2294 2933; ppageno 0'>
   <div class='ocr_carea' id='block_1_1' title="bbox 290 75 355 128">
    <p class='ocr_par' dir='ltr' id='par_1_1' title="bbox 290 75 355 128">
     <span class='ocr_line' id='line_1_1' title="bbox 290 75 355 128; baseline 0 0"><span class='ocrx_word' id='word_1_1' title='bbox 290 75 355 128; x_wconf 80' lang='lat'>68</span> 
     </span>
    </p>
   </div>
   <div class='ocr_carea' id='block_1_2' title="bbox 54 179 1150 764">
    <p class='ocr_par' dir='ltr' id='par_1_2' title="bbox 289 179 1140 250">
     <span class='ocr_line' id='line_1_2' title="bbox 289 179 1140 250; baseline -0.002 -16"><span class='ocrx_word' id='word_1_2' title='bbox 289 187 497 242; x_wconf 75' lang='lat' dir='ltr'>mai-eris,</span> <span class='ocrx_word' id='word_1_3' title='bbox 520 200 601 234; x_wconf 86' lang='lat' dir='ltr'>cor</span> <span class='ocrx_word' id='word_1_4' title='bbox 609 182 718 250; x_wconf 82' lang='lat' dir='ltr'>saepe</span> <span class='ocrx_word' id='word_1_5' title='bbox 727 186 907 234; x_wconf 86' lang='lat' dir='ltr'>nullum</span> <span class='ocrx_word' id='word_1_6' title='bbox 920 186 966 234; x_wconf 83' lang='lat' dir='ltr'>in</span> <span class='ocrx_word' id='word_1_7' title='bbox 978 179 1140 248; x_wconf 59' lang='lat' dir='ltr'>pecto-</span> 
     </span>
    </p>

    <p class='ocr_par' dir='ltr' id='par_1_3' title="bbox 54 252 1150 764">
     <span class='ocr_line' id='line_1_3' title="bbox 105 252 1141 314; baseline 0 -19"><span class='ocrx_word' id='word_1_8' title='bbox 105 261 150 295; x_wconf 86' lang='lat'>1.</span> <span class='ocrx_word' id='word_1_9' title='bbox 290 253 556 314; x_wconf 76' lang='lat' dir='ltr'>rereperies.</span> <span class='ocrx_word' id='word_1_10' title='bbox 623 252 751 299; x_wconf 86' lang='lat' dir='ltr'>Illius</span> <span class='ocrx_word' id='word_1_11' title='bbox 769 252 991 314; x_wconf 82' lang='lat' dir='ltr'>jaceretin</span> <span class='ocrx_word' id='word_1_12' title='bbox 1003 264 1103 296; x_wconf 84' lang='lat' dir='ltr'>arca</span> <span class='ocrx_word' id='word_1_13' title='bbox 1126 283 1141 304; x_wconf 86' lang='lat'>‚</span> 
     </span>
     <span class='ocr_line' id='line_1_4' title="bbox 54 309 1140 379; baseline -0.006 -16"><span class='ocrx_word' id='word_1_14' title='bbox 54 309 219 363; x_wconf 80' lang='lat' dir='ltr'>Cornel.</span> <span class='ocrx_word' id='word_1_15' title='bbox 240 311 281 357; x_wconf 72' lang='lat' dir='ltr'>in</span> <span class='ocrx_word' id='word_1_16' title='bbox 294 315 423 378; x_wconf 84' lang='lat' dir='ltr'>quod</span> <span class='ocrx_word' id='word_1_17' title='bbox 433 316 489 364; x_wconf 87' lang='lat' dir='ltr'>de</span> <span class='ocrx_word' id='word_1_18' title='bbox 507 318 615 364; x_wconf 85' lang='lat' dir='ltr'>Eucl</span> <span class='ocrx_word' id='word_1_19' title='bbox 624 319 728 364; x_wconf 90' lang='lat' dir='ltr'>ione</span> <span class='ocrx_word' id='word_1_20' title='bbox 737 315 1032 379; x_wconf 85' lang='lat' dir='ltr'>proditItalia</span> <span class='ocrx_word' id='word_1_21' title='bbox 1047 329 1060 358; x_wconf 76' lang='lat' dir='ltr'>t</span> <span class='ocrx_word' id='word_1_22' title='bbox 1099 327 1116 358; x_wconf 88' lang='lat'>1</span> <span class='ocrx_word' id='word_1_23' title='bbox 1129 346 1140 357; x_wconf 88' lang='lat'><strong>.</strong></span> 
     </span>
     <span class='ocr_line' id='line_1_5' title="bbox 56 373 1146 442; baseline -0.003 -16"><span class='ocrx_word' id='word_1_24' title='bbox 56 373 230 426; x_wconf 79' lang='lat' dir='ltr'>Matth.</span> <span class='ocrx_word' id='word_1_25' title='bbox 239 380 433 442; x_wconf 79' lang='lat' dir='ltr'>6.hujus</span> <span class='ocrx_word' id='word_1_26' title='bbox 437 383 450 442; x_wconf 93' lang='lat' dir='ltr'>j</span> <span class='ocrx_word' id='word_1_27' title='bbox 459 393 602 428; x_wconf 80' lang='lat' dir='ltr'>aceret</span> <span class='ocrx_word' id='word_1_28' title='bbox 615 383 659 428; x_wconf 92' lang='lat' dir='ltr'>in</span> <span class='ocrx_word' id='word_1_29' title='bbox 670 397 744 428; x_wconf 81' lang='lat' dir='ltr'>ara</span> <span class='ocrx_word' id='word_1_30' title='bbox 755 417 769 436; x_wconf 84' lang='lat'>,</span> <span class='ocrx_word' id='word_1_31' title='bbox 808 378 936 441; x_wconf 89' lang='lat' dir='ltr'>quod</span> <span class='ocrx_word' id='word_1_32' title='bbox 948 378 1005 424; x_wconf 91' lang='lat' dir='ltr'>de</span> <span class='ocrx_word' id='word_1_33' title='bbox 1016 381 1146 425; x_wconf 88' lang='lat' dir='ltr'>Pres-</span> 
     </span>
     <span class='ocr_line' id='line_1_6' title="bbox 119 442 1150 507; baseline -0.003 -18"><span class='ocrx_word' id='word_1_34' title='bbox 119 455 168 489; x_wconf 77' lang='lat'>2.</span> <span class='ocrx_word' id='word_1_35' title='bbox 293 447 460 507; x_wconf 86' lang='lat' dir='ltr'>bytero</span> <span class='ocrx_word' id='word_1_36' title='bbox 470 444 704 507; x_wconf 87' lang='lat' dir='ltr'>obstupuit</span> <span class='ocrx_word' id='word_1_37' title='bbox 722 447 890 493; x_wconf 85' lang='lat' dir='ltr'>Roma.</span> <span class='ocrx_word' id='word_1_38' title='bbox 961 455 1005 492; x_wconf 85' lang='lat'>2.</span> <span class='ocrx_word' id='word_1_39' title='bbox 1038 442 1150 489; x_wconf 75' lang='lat' dir='ltr'>Plu-</span> 
     </span>
     <span class='ocr_line' id='line_1_7' title="bbox 58 507 1149 557; baseline -0.005 -1"><span class='ocrx_word' id='word_1_40' title='bbox 58 508 203 556; x_wconf 80' lang='grc' dir='ltr'><em>Βαννὶ.</em></span> <span class='ocrx_word' id='word_1_41' title='bbox 295 512 414 557; x_wconf 86' lang='lat' dir='ltr'>rium</span> <span class='ocrx_word' id='word_1_42' title='bbox 425 509 561 557; x_wconf 84' lang='lat' dir='ltr'>corda</span> <span class='ocrx_word' id='word_1_43' title='bbox 577 511 626 555; x_wconf 84' lang='lat' dir='ltr'>in</span> <span class='ocrx_word' id='word_1_44' title='bbox 636 524 779 555; x_wconf 83' lang='lat' dir='ltr'>manu</span> <span class='ocrx_word' id='word_1_45' title='bbox 803 507 996 555; x_wconf 85' lang='lat' dir='ltr'>Veneris</span> <span class='ocrx_word' id='word_1_46' title='bbox 1017 508 1149 552; x_wconf 88' lang='lat' dir='ltr'>inve-</span> 
     </span>
     <span class='ocr_line' id='line_1_8' title="bbox 59 574 1150 636; baseline -0.001 -18"><span class='ocrx_word' id='word_1_47' title='bbox 59 582 158 621; x_wconf 80' lang='lat' dir='ltr'>tom.</span> <span class='ocrx_word' id='word_1_48' title='bbox 170 586 188 618; x_wconf 83' lang='lat'>1</span> <span class='ocrx_word' id='word_1_49' title='bbox 199 606 212 619; x_wconf 80' lang='lat'><strong>.</strong></span> <span class='ocrx_word' id='word_1_50' title='bbox 222 577 430 631; x_wconf 67' lang='lat' dir='ltr'>amnites,</span> <span class='ocrx_word' id='word_1_51' title='bbox 452 589 704 636; x_wconf 81' lang='lat' dir='ltr'>paucorum</span> <span class='ocrx_word' id='word_1_52' title='bbox 715 574 761 619; x_wconf 86' lang='lat' dir='ltr'>in</span> <span class='ocrx_word' id='word_1_53' title='bbox 771 574 914 620; x_wconf 83' lang='lat' dir='ltr'>latere</span> <span class='ocrx_word' id='word_1_54' title='bbox 936 574 1150 620; x_wconf 82' lang='lat' dir='ltr'>Salvato-</span> 
     </span>
     <span class='ocr_line' id='line_1_9' title="bbox 60 633 1145 700; baseline -0.003 -16"><span class='ocrx_word' id='word_1_55' title='bbox 60 643 176 684; x_wconf 82' lang='lat' dir='ltr'>Sacr.</span> <span class='ocrx_word' id='word_1_56' title='bbox 195 650 224 682; x_wconf 85' lang='lat' dir='ltr'>c.</span> <span class='ocrx_word' id='word_1_57' title='bbox 248 642 354 688; x_wconf 52' lang='lat' dir='ltr'>&amp;ris</span> <span class='ocrx_word' id='word_1_58' title='bbox 379 676 395 695; x_wconf 78' lang='lat'>,</span> <span class='ocrx_word' id='word_1_59' title='bbox 425 637 553 700; x_wconf 85' lang='lat' dir='ltr'>quod</span> <span class='ocrx_word' id='word_1_60' title='bbox 571 637 629 683; x_wconf 86' lang='lat' dir='ltr'>de</span> <span class='ocrx_word' id='word_1_61' title='bbox 644 635 881 700; x_wconf 84' lang='lat' dir='ltr'>Alphonso</span> <span class='ocrx_word' id='word_1_62' title='bbox 906 633 1145 699; x_wconf 79' lang='lat' dir='ltr'>Esquiera,</span> 
     </span>
     <span class='ocr_line' id='line_1_10' title="bbox 59 700 1148 764; baseline -0.003 -15"><span class='ocrx_word' id='word_1_63' title='bbox 59 704 115 750; x_wconf 81' lang='lat' dir='ltr'>ad</span> <span class='ocrx_word' id='word_1_64' title='bbox 138 716 287 747; x_wconf 77' lang='lat' dir='ltr'>annum</span> <span class='ocrx_word' id='word_1_65' title='bbox 296 704 712 764; x_wconf 68' lang='lat' dir='ltr'>magnoSocietatis</span> <span class='ocrx_word' id='word_1_66' title='bbox 725 700 883 749; x_wconf 83' lang='lat' dir='ltr'>nostrae</span> <span class='ocrx_word' id='word_1_67' title='bbox 900 704 1057 749; x_wconf 69' lang='lat' dir='ltr'>Heroe</span> <span class='ocrx_word' id='word_1_68' title='bbox 1067 715 1148 747; x_wconf 86' lang='lat' dir='ltr'>an-</span> 
     </span>
    </p>
   </div>
   <div class='ocr_carea' id='block_1_3' title="bbox 61 765 1150 958">
    <p class='ocr_par' dir='ltr' id='par_1_4' title="bbox 61 765 1150 958">
     <span class='ocr_line' id='line_1_11' title="bbox 67 765 1141 830; baseline -0.002 -18"><span class='ocrx_word' id='word_1_69' title='bbox 67 773 124 814; x_wconf 84' lang='lat'>16</span> <span class='ocrx_word' id='word_1_70' title='bbox 133 771 208 823; x_wconf 83' lang='lat'>36.</span> <span class='ocrx_word' id='word_1_71' title='bbox 295 769 421 815; x_wconf 81' lang='lat' dir='ltr'>nales</span> <span class='ocrx_word' id='word_1_72' title='bbox 444 767 665 830; x_wconf 88' lang='lat' dir='ltr'>produnt.</span> <span class='ocrx_word' id='word_1_73' title='bbox 733 782 778 827; x_wconf 81' lang='lat'>3.</span> <span class='ocrx_word' id='word_1_74' title='bbox 804 765 1141 830; x_wconf 50' lang='lat' dir='ltr'>Nempeubzth&amp;</span> 
     </span>
     <span class='ocr_line' id='line_1_12' title="bbox 126 831 1148 888; baseline -0.003 -9"><span class='ocrx_word' id='word_1_75' title='bbox 126 844 170 887; x_wconf 84' lang='lat'>3.</span> <span class='ocrx_word' id='word_1_76' title='bbox 295 838 434 888; x_wconf 67' lang='lat' dir='ltr'>saurus</span> <span class='ocrx_word' id='word_1_77' title='bbox 458 846 551 879; x_wconf 77' lang='lat' dir='ltr'>tuus</span> <span class='ocrx_word' id='word_1_78' title='bbox 575 871 587 887; x_wconf 78' lang='grc'><em>,</em></span> <span class='ocrx_word' id='word_1_79' title='bbox 623 831 681 879; x_wconf 72' lang='lat' dir='ltr'>ibi</span> <span class='ocrx_word' id='word_1_80' title='bbox 714 848 788 879; x_wconf 85' lang='lat' dir='ltr'>cor</span> <span class='ocrx_word' id='word_1_81' title='bbox 814 841 946 881; x_wconf 85' lang='lat' dir='ltr'>tuum.</span> <span class='ocrx_word' id='word_1_82' title='bbox 1028 833 1148 878; x_wconf 88' lang='lat' dir='ltr'>·N0-</span> 
     </span>
     <span class='ocr_line' id='line_1_13' title="bbox 61 894 1150 958; baseline -0.006 -12"><span class='ocrx_word' id='word_1_83' title='bbox 61 894 184 946; x_wconf 75' lang='lat' dir='ltr'>Nilus</span> <span class='ocrx_word' id='word_1_84' title='bbox 296 896 397 945; x_wconf 84' lang='lat' dir='ltr'>stris</span> <span class='ocrx_word' id='word_1_85' title='bbox 416 898 646 946; x_wconf 83' lang='lat' dir='ltr'>Martiniis</span> <span class='ocrx_word' id='word_1_86' title='bbox 659 896 827 945; x_wconf 82' lang='lat' dir='ltr'>similes</span> <span class='ocrx_word' id='word_1_87' title='bbox 843 933 858 952; x_wconf 87' lang='lat'>,</span> <span class='ocrx_word' id='word_1_88' title='bbox 898 911 988 958; x_wconf 82' lang='lat' dir='ltr'>ego</span> <span class='ocrx_word' id='word_1_89' title='bbox 1004 895 1150 941; x_wconf 85' lang='lat' dir='ltr'>velim</span> 
     </span>
    </p>
   </div>
   <div class='ocr_carea' id='block_1_4' title="bbox 59 958 1151 1087">
    <p class='ocr_par' dir='ltr' id='par_1_5' title="bbox 59 958 1151 1087">
     <span class='ocr_line' id='line_1_14' title="bbox 59 958 1151 1026; baseline -0.005 -16"><span class='ocrx_word' id='word_1_90' title='bbox 59 960 229 1026; x_wconf 62' lang='lat' dir='ltr'>mylhp.</span> <span class='ocrx_word' id='word_1_91' title='bbox 252 959 600 1025; x_wconf 61' lang='lat' dir='ltr'>whilosophos</span> <span class='ocrx_word' id='word_1_92' title='bbox 623 999 639 1019; x_wconf 83' lang='lat'>,</span> <span class='ocrx_word' id='word_1_93' title='bbox 678 978 726 1022; x_wconf 86' lang='lat'>4.</span> <span class='ocrx_word' id='word_1_94' title='bbox 751 962 920 1025; x_wconf 75' lang='lat' dir='ltr'>quibus</span> <span class='ocrx_word' id='word_1_95' title='bbox 940 958 1151 1011; x_wconf 73' lang='lat' dir='ltr'>Christus</span> 
     </span>
     <span class='ocr_line' id='line_1_15' title="bbox 59 1023 1148 1087; baseline -0.007 -8"><span class='ocrx_word' id='word_1_96' title='bbox 59 1023 236 1079; x_wconf 66' lang='lat' dir='ltr'>exhort.</span> <span class='ocrx_word' id='word_1_97' title='bbox 298 1030 345 1076; x_wconf 90' lang='lat' dir='ltr'>in</span> <span class='ocrx_word' id='word_1_98' title='bbox 366 1028 521 1075; x_wconf 81' lang='lat' dir='ltr'>forma</span> <span class='ocrx_word' id='word_1_99' title='bbox 544 1029 725 1076; x_wconf 82' lang='lat' dir='ltr'>Parvuli</span> <span class='ocrx_word' id='word_1_100' title='bbox 744 1065 758 1083; x_wconf 83' lang='lat'>,</span> <span class='ocrx_word' id='word_1_101' title='bbox 792 1027 937 1077; x_wconf 80' lang='lat' dir='ltr'>Coelo</span> <span class='ocrx_word' id='word_1_102' title='bbox 958 1023 1148 1087; x_wconf 76' lang='lat' dir='ltr'>delapfi,</span> 
     </span>
    </p>
   </div>
   <div class='ocr_carea' id='block_1_5' title="bbox 62 1089 1153 1288">
    <p class='ocr_par' dir='ltr' id='par_1_6' title="bbox 62 1089 1153 1288">
     <span class='ocr_line' id='line_1_16' title="bbox 95 1089 1150 1156; baseline -0.006 -15"><span class='ocrx_word' id='word_1_103' title='bbox 95 1103 172 1144; x_wconf 75' lang='grc' dir='ltr'>η.</span> <span class='ocrx_word' id='word_1_104' title='bbox 334 1092 539 1140; x_wconf 80' lang='lat' dir='ltr'>uondam</span> <span class='ocrx_word' id='word_1_105' title='bbox 564 1093 773 1156; x_wconf 79' lang='lat' dir='ltr'>apparuit</span> <span class='ocrx_word' id='word_1_106' title='bbox 789 1130 802 1149; x_wconf 90' lang='lat'>‚</span> <span class='ocrx_word' id='word_1_107' title='bbox 857 1108 961 1139; x_wconf 78' lang='lat' dir='ltr'>arcu</span> <span class='ocrx_word' id='word_1_108' title='bbox 986 1089 1150 1138; x_wconf 85' lang='lat' dir='ltr'>instru-</span> 
     </span>
     <span class='ocr_line' id='line_1_17' title="bbox 121 1109 1152 1221; baseline -0.006 -14"><span class='ocrx_word' id='word_1_109' title='bbox 121 1172 170 1217; x_wconf 85' lang='lat'>4·</span> <span class='ocrx_word' id='word_1_110' title='bbox 300 1109 400 1206; x_wconf 51' lang='lat' dir='ltr'>gius</span> <span class='ocrx_word' id='word_1_111' title='bbox 421 1160 476 1208; x_wconf 83' lang='lat'>&amp;</span> <span class='ocrx_word' id='word_1_112' title='bbox 493 1157 704 1221; x_wconf 69' lang='lat' dir='ltr'>pharetrfi</span> <span class='ocrx_word' id='word_1_113' title='bbox 728 1195 742 1215; x_wconf 91' lang='lat'>‚</span> <span class='ocrx_word' id='word_1_114' title='bbox 777 1150 974 1219; x_wconf 72' lang='lat' dir='ltr'>teloque</span> <span class='ocrx_word' id='word_1_115' title='bbox 988 1152 1152 1218; x_wconf 65' lang='lat' dir='ltr'>pectus</span> 
     </span>
     <span class='ocr_line' id='line_1_18' title="bbox 62 1217 1153 1288; baseline -0.006 -16"><span class='ocrx_word' id='word_1_116' title='bbox 62 1218 213 1288; x_wconf 79' lang='lat' dir='ltr'>Engel,</span> <span class='ocrx_word' id='word_1_117' title='bbox 300 1223 358 1271; x_wconf 86' lang='lat' dir='ltr'>fic</span> <span class='ocrx_word' id='word_1_118' title='bbox 367 1225 647 1281; x_wconf 83' lang='lat' dir='ltr'>vulneravit,</span> <span class='ocrx_word' id='word_1_119' title='bbox 677 1234 732 1271; x_wconf 89' lang='lat' dir='ltr'>ut</span> <span class='ocrx_word' id='word_1_120' title='bbox 752 1217 776 1269; x_wconf 84' lang='grc' dir='ltr'>ὲ</span> <span class='ocrx_word' id='word_1_121' title='bbox 794 1223 985 1269; x_wconf 84' lang='lat' dir='ltr'>vulnere</span> <span class='ocrx_word' id='word_1_122' title='bbox 1001 1232 1153 1268; x_wconf 83' lang='lat' dir='ltr'>traxe-</span> 
     </span>
    </p>
   </div>
   <div class='ocr_carea' id='block_1_6' title="bbox 62 1283 1167 2721">
    <p class='ocr_par' dir='ltr' id='par_1_7' title="bbox 62 1283 1156 1467">
     <span class='ocr_line' id='line_1_19' title="bbox 66 1283 1156 1350; baseline -0.006 -13"><span class='ocrx_word' id='word_1_123' title='bbox 66 1293 201 1337; x_wconf 86' lang='lat' dir='ltr'>Dom.</span> <span class='ocrx_word' id='word_1_124' title='bbox 223 1289 361 1347; x_wconf 68' lang='lat' dir='ltr'>1201·st</span> <span class='ocrx_word' id='word_1_125' title='bbox 372 1303 621 1350; x_wconf 83' lang='lat' dir='ltr'>perennem</span> <span class='ocrx_word' id='word_1_126' title='bbox 642 1291 805 1335; x_wconf 84' lang='lat' dir='ltr'>vitam.</span> <span class='ocrx_word' id='word_1_127' title='bbox 839 1286 928 1336; x_wconf 86' lang='lat' dir='ltr'>Sed</span> <span class='ocrx_word' id='word_1_128' title='bbox 950 1283 1156 1346; x_wconf 84' lang='lat' dir='ltr'>histeron</span> 
     </span>
     <span class='ocr_line' id='line_1_20' title="bbox 62 1351 1153 1417; baseline -0.002 -18"><span class='ocrx_word' id='word_1_129' title='bbox 62 1351 153 1417; x_wconf 64' lang='lat' dir='ltr'>post</span> <span class='ocrx_word' id='word_1_130' title='bbox 177 1356 292 1402; x_wconf 81' lang='lat' dir='ltr'>Pent.</span> <span class='ocrx_word' id='word_1_131' title='bbox 300 1351 556 1417; x_wconf 78' lang='lat' dir='ltr'>proteron!</span> <span class='ocrx_word' id='word_1_132' title='bbox 586 1351 714 1401; x_wconf 75' lang='lat' dir='ltr'>adest</span> <span class='ocrx_word' id='word_1_133' title='bbox 736 1368 866 1400; x_wconf 77' lang='lat' dir='ltr'>amor</span> <span class='ocrx_word' id='word_1_134' title='bbox 896 1351 1119 1415; x_wconf 81' lang='lat' dir='ltr'>profanus</span> <span class='ocrx_word' id='word_1_135' title='bbox 1137 1384 1153 1405; x_wconf 83' lang='lat'>‚</span> 
     </span>
     <span class='ocr_line' id='line_1_21' title="bbox 302 1414 1155 1467; baseline -0.008 0"><span class='ocrx_word' id='word_1_136' title='bbox 302 1425 417 1467; x_wconf 82' lang='lat' dir='ltr'>mox</span> <span class='ocrx_word' id='word_1_137' title='bbox 428 1433 509 1465; x_wconf 87' lang='lat' dir='ltr'>cor</span> <span class='ocrx_word' id='word_1_138' title='bbox 521 1416 716 1467; x_wconf 84' lang='lat' dir='ltr'>offertur</span> <span class='ocrx_word' id='word_1_139' title='bbox 732 1434 746 1464; x_wconf 76' lang='grc' dir='ltr'>ε</span> <span class='ocrx_word' id='word_1_140' title='bbox 780 1416 907 1467; x_wconf 85' lang='lat' dir='ltr'>adest</span> <span class='ocrx_word' id='word_1_141' title='bbox 920 1422 1071 1466; x_wconf 80' lang='lat' dir='ltr'>Amor</span> <span class='ocrx_word' id='word_1_142' title='bbox 1083 1414 1155 1461; x_wconf 87' lang='lat' dir='ltr'>di-</span> 
     </span>
    </p>

    <p class='ocr_par' dir='ltr' id='par_1_8' title="bbox 301 1476 1155 1551">
     <span class='ocr_line' id='line_1_22' title="bbox 301 1476 1155 1551; baseline 0 -21"><span class='ocrx_word' id='word_1_143' title='bbox 301 1485 464 1540; x_wconf 84' lang='lat' dir='ltr'>vinus,</span> <span class='ocrx_word' id='word_1_144' title='bbox 494 1499 608 1532; x_wconf 83' lang='lat' dir='ltr'>mox</span> <span class='ocrx_word' id='word_1_145' title='bbox 618 1499 700 1531; x_wconf 86' lang='lat' dir='ltr'>cor</span> <span class='ocrx_word' id='word_1_146' title='bbox 717 1481 955 1532; x_wconf 84' lang='lat' dir='ltr'>auffertur.</span> <span class='ocrx_word' id='word_1_147' title='bbox 1022 1476 1155 1551; x_wconf 79' lang='lat' dir='ltr'>Qd</span> 
     </span>
    </p>

    <p class='ocr_par' dir='ltr' id='par_1_9' title="bbox 302 1545 1158 1611">
     <span class='ocr_line' id='line_1_23' title="bbox 302 1545 1158 1611; baseline -0.006 -15"><span class='ocrx_word' id='word_1_148' title='bbox 302 1548 419 1611; x_wconf 74' lang='lat' dir='ltr'>ergo</span> <span class='ocrx_word' id='word_1_149' title='bbox 435 1551 607 1596; x_wconf 86' lang='lat' dir='ltr'>mirum</span> <span class='ocrx_word' id='word_1_150' title='bbox 630 1549 650 1596; x_wconf 88' lang='lat'><strong>?</strong></span> <span class='ocrx_word' id='word_1_151' title='bbox 684 1547 717 1596; x_wconf 85' lang='lat' dir='ltr'>fr</span> <span class='ocrx_word' id='word_1_152' title='bbox 738 1550 902 1597; x_wconf 83' lang='lat' dir='ltr'>multis</span> <span class='ocrx_word' id='word_1_153' title='bbox 918 1545 1088 1595; x_wconf 82' lang='lat' dir='ltr'>accidat</span> <span class='ocrx_word' id='word_1_154' title='bbox 1107 1559 1158 1591; x_wconf 83' lang='lat' dir='ltr'>m</span> 
     </span>
    </p>

    <p class='ocr_par' dir='ltr' id='par_1_10' title="bbox 65 1607 1162 2001">
     <span class='ocr_line' id='line_1_24' title="bbox 130 1607 1158 1678; baseline -0.005 -17"><span class='ocrx_word' id='word_1_155' title='bbox 130 1633 178 1678; x_wconf 78' lang='grc' dir='ltr'>ς.</span> <span class='ocrx_word' id='word_1_156' title='bbox 303 1615 400 1661; x_wconf 78' lang='lat' dir='ltr'>vita</span> <span class='ocrx_word' id='word_1_157' title='bbox 409 1610 534 1663; x_wconf 76' lang='lat' dir='ltr'>casus</span> <span class='ocrx_word' id='word_1_158' title='bbox 551 1652 567 1671; x_wconf 80' lang='lat'>,</span> <span class='ocrx_word' id='word_1_159' title='bbox 600 1629 645 1672; x_wconf 82' lang='lat'>5.</span> <span class='ocrx_word' id='word_1_160' title='bbox 665 1630 765 1676; x_wconf 85' lang='lat' dir='ltr'>quo</span> <span class='ocrx_word' id='word_1_161' title='bbox 780 1607 1158 1677; x_wconf 68' lang='lat' dir='ltr'>derepentecon-</span> 
     </span>
     <span class='ocr_line' id='line_1_25' title="bbox 65 1674 1159 1738; baseline -0.01 -7"><span class='ocrx_word' id='word_1_162' title='bbox 65 1692 118 1738; x_wconf 78' lang='lat' dir='ltr'>P.</span> <span class='ocrx_word' id='word_1_163' title='bbox 146 1689 222 1731; x_wconf 86' lang='lat' dir='ltr'>Ze-</span> <span class='ocrx_word' id='word_1_164' title='bbox 303 1679 497 1737; x_wconf 76' lang='lat' dir='ltr'>cidemt,</span> <span class='ocrx_word' id='word_1_165' title='bbox 529 1677 658 1726; x_wconf 86' lang='lat' dir='ltr'>sanus</span> <span class='ocrx_word' id='word_1_166' title='bbox 678 1680 795 1726; x_wconf 84' lang='lat' dir='ltr'>olim</span> <span class='ocrx_word' id='word_1_167' title='bbox 819 1679 1028 1727; x_wconf 76' lang='lat' dir='ltr'>Ferrariae</span> <span class='ocrx_word' id='word_1_168' title='bbox 1042 1674 1159 1723; x_wconf 82' lang='lat' dir='ltr'>ado-</span> 
     </span>
     <span class='ocr_line' id='line_1_26' title="bbox 67 1740 1160 1801; baseline -0.012 -2"><span class='ocrx_word' id='word_1_169' title='bbox 67 1748 208 1799; x_wconf 73' lang='lat' dir='ltr'>ebent.</span> <span class='ocrx_word' id='word_1_170' title='bbox 224 1744 277 1794; x_wconf 82' lang='lat' dir='ltr'>de</span> <span class='ocrx_word' id='word_1_171' title='bbox 304 1741 475 1792; x_wconf 85' lang='lat' dir='ltr'>lescens</span> <span class='ocrx_word' id='word_1_172' title='bbox 493 1783 505 1801; x_wconf 87' lang='lat'>‚</span> <span class='ocrx_word' id='word_1_173' title='bbox 537 1746 607 1792; x_wconf 88' lang='lat' dir='ltr'>cui</span> <span class='ocrx_word' id='word_1_174' title='bbox 629 1745 801 1791; x_wconf 79' lang='lat' dir='ltr'>vermis</span> <span class='ocrx_word' id='word_1_175' title='bbox 820 1781 833 1800; x_wconf 87' lang='lat'>,</span> <span class='ocrx_word' id='word_1_176' title='bbox 867 1746 914 1790; x_wconf 89' lang='lat' dir='ltr'>in</span> <span class='ocrx_word' id='word_1_177' title='bbox 933 1742 1070 1789; x_wconf 88' lang='lat' dir='ltr'>corde</span> <span class='ocrx_word' id='word_1_178' title='bbox 1089 1740 1160 1786; x_wconf 81' lang='lat' dir='ltr'>la-</span> 
     </span>
     <span class='ocr_line' id='line_1_27' title="bbox 68 1805 1160 1865; baseline -0.013 -1"><span class='ocrx_word' id='word_1_179' title='bbox 68 1828 215 1864; x_wconf 76' lang='lat' dir='ltr'>veme</span> <span class='ocrx_word' id='word_1_180' title='bbox 306 1822 406 1856; x_wconf 82' lang='lat' dir='ltr'>tens</span> <span class='ocrx_word' id='word_1_181' title='bbox 422 1848 435 1864; x_wconf 80' lang='lat'>‚</span> <span class='ocrx_word' id='word_1_182' title='bbox 464 1808 674 1857; x_wconf 67' lang='lat' dir='ltr'>Lachesis</span> <span class='ocrx_word' id='word_1_183' title='bbox 690 1806 799 1856; x_wconf 72' lang='lat' dir='ltr'>loco</span> <span class='ocrx_word' id='word_1_184' title='bbox 816 1846 831 1865; x_wconf 62' lang='lat'>2</span> <span class='ocrx_word' id='word_1_185' title='bbox 858 1806 1034 1855; x_wconf 79' lang='lat' dir='ltr'>stamen</span> <span class='ocrx_word' id='word_1_186' title='bbox 1054 1805 1160 1851; x_wconf 78' lang='lat' dir='ltr'>vitae</span> 
     </span>
     <span class='ocr_line' id='line_1_28' title="bbox 69 1870 1160 1943; baseline -0.008 -20"><span class='ocrx_word' id='word_1_187' title='bbox 69 1880 212 1943; x_wconf 72' lang='lat' dir='ltr'>‘⁰²¹s0f</span> <span class='ocrx_word' id='word_1_188' title='bbox 224 1872 525 1936; x_wconf 75' lang='lat' dir='ltr'>33.arroserat</span> <span class='ocrx_word' id='word_1_189' title='bbox 546 1891 555 1920; x_wconf 73' lang='grc' dir='ltr'><em>τ</em></span> <span class='ocrx_word' id='word_1_190' title='bbox 590 1879 669 1936; x_wconf 84' lang='lat' dir='ltr'>qui</span> <span class='ocrx_word' id='word_1_191' title='bbox 703 1876 875 1920; x_wconf 80' lang='lat' dir='ltr'>vermis</span> <span class='ocrx_word' id='word_1_192' title='bbox 900 1885 995 1920; x_wconf 83' lang='lat' dir='ltr'>arte</span> <span class='ocrx_word' id='word_1_193' title='bbox 1011 1870 1160 1923; x_wconf 77' lang='lat' dir='ltr'>nulla,</span> 
     </span>
     <span class='ocr_line' id='line_1_29' title="bbox 134 1934 1162 2001; baseline -0.012 -10"><span class='ocrx_word' id='word_1_194' title='bbox 134 1952 163 1994; x_wconf 82' lang='grc'>6</span> <span class='ocrx_word' id='word_1_195' title='bbox 171 1980 184 1991; x_wconf 91' lang='grc'><strong>.</strong></span> <span class='ocrx_word' id='word_1_196' title='bbox 303 1942 487 2001; x_wconf 65' lang='lat' dir='ltr'>liquore</span> <span class='ocrx_word' id='word_1_197' title='bbox 495 1941 641 1995; x_wconf 75' lang='lat' dir='ltr'>nullo,</span> <span class='ocrx_word' id='word_1_198' title='bbox 660 1938 740 1986; x_wconf 78' lang='lat' dir='ltr'>nifi</span> <span class='ocrx_word' id='word_1_199' title='bbox 751 1941 807 1985; x_wconf 79' lang='lat' dir='ltr'>ab</span> <span class='ocrx_word' id='word_1_200' title='bbox 817 1939 932 1986; x_wconf 83' lang='lat' dir='ltr'>alliis</span> <span class='ocrx_word' id='word_1_201' title='bbox 943 1934 1162 2000; x_wconf 75' lang='lat' dir='ltr'>cepisque</span> 
     </span>
    </p>

    <p class='ocr_par' dir='ltr' id='par_1_11' title="bbox 71 2003 1166 2319">
     <span class='ocr_line' id='line_1_30' title="bbox 71 2003 1165 2068; baseline -0.007 -15"><span class='ocrx_word' id='word_1_202' title='bbox 71 2019 119 2065; x_wconf 76' lang='grc' dir='ltr'>γ,</span> <span class='ocrx_word' id='word_1_203' title='bbox 149 2017 195 2059; x_wconf 86' lang='grc' dir='ltr'>Ρ.</span> <span class='ocrx_word' id='word_1_204' title='bbox 299 2003 516 2066; x_wconf 81' lang='lat' dir='ltr'>-expreffo</span> <span class='ocrx_word' id='word_1_205' title='bbox 549 2016 736 2068; x_wconf 75' lang='lat' dir='ltr'>poterat</span> <span class='ocrx_word' id='word_1_206' title='bbox 767 2005 958 2051; x_wconf 81' lang='lat' dir='ltr'>enecari.</span> <span class='ocrx_word' id='word_1_207' title='bbox 1048 2003 1165 2047; x_wconf 81' lang='lat' dir='ltr'>Non</span> 
     </span>
     <span class='ocr_line' id='line_1_31' title="bbox 72 2066 1163 2131; baseline -0.014 -6"><span class='ocrx_word' id='word_1_208' title='bbox 72 2071 204 2125; x_wconf 81' lang='lat' dir='ltr'>Rocbi</span> <span class='ocrx_word' id='word_1_209' title='bbox 314 2066 559 2117; x_wconf 78' lang='lat' dir='ltr'>difficulter</span> <span class='ocrx_word' id='word_1_210' title='bbox 597 2070 775 2131; x_wconf 78' lang='lat' dir='ltr'>colligis</span> <span class='ocrx_word' id='word_1_211' title='bbox 810 2106 824 2126; x_wconf 88' lang='lat'>‚</span> <span class='ocrx_word' id='word_1_212' title='bbox 891 2082 1032 2131; x_wconf 87' lang='lat' dir='ltr'>quem</span> <span class='ocrx_word' id='word_1_213' title='bbox 1074 2079 1163 2126; x_wconf 81' lang='lat' dir='ltr'>ego</span> 
     </span>
     <span class='ocr_line' id='line_1_32' title="bbox 73 2130 1166 2201; baseline -0.013 -11"><span class='ocrx_word' id='word_1_214' title='bbox 73 2138 518 2190; x_wconf 78' lang='lat' dir='ltr'>Gonzolez.ver1nem</span> <span class='ocrx_word' id='word_1_215' title='bbox 536 2172 551 2190; x_wconf 86' lang='lat'>,</span> <span class='ocrx_word' id='word_1_216' title='bbox 582 2135 759 2196; x_wconf 79' lang='lat' dir='ltr'><strong>opiner.</strong></span> <span class='ocrx_word' id='word_1_217' title='bbox 873 2132 1004 2201; x_wconf 82' lang='lat' dir='ltr'>Qid</span> <span class='ocrx_word' id='word_1_218' title='bbox 1034 2130 1166 2177; x_wconf 79' lang='lat' dir='ltr'>deni-</span> 
     </span>
     <span class='ocr_line' id='line_1_33' title="bbox 73 2198 1166 2273; baseline -0.009 -22"><span class='ocrx_word' id='word_1_219' title='bbox 73 2210 118 2260; x_wconf 73' lang='lat' dir='ltr'>S,</span> <span class='ocrx_word' id='word_1_220' title='bbox 146 2208 197 2273; x_wconf 73' lang='lat' dir='ltr'><em>J</em></span> <span class='ocrx_word' id='word_1_221' title='bbox 315 2216 406 2264; x_wconf 84' lang='lat' dir='ltr'>que</span> <span class='ocrx_word' id='word_1_222' title='bbox 417 2201 587 2246; x_wconf 85' lang='lat' dir='ltr'>mirum</span> <span class='ocrx_word' id='word_1_223' title='bbox 604 2235 616 2254; x_wconf 88' lang='lat'>‚</span> <span class='ocrx_word' id='word_1_224' title='bbox 650 2198 680 2246; x_wconf 78' lang='lat' dir='ltr'>si</span> <span class='ocrx_word' id='word_1_225' title='bbox 699 2198 1166 2260; x_wconf 75' lang='lat' dir='ltr'>aliquandoinmorte</span> 
     </span>
     <span class='ocr_line' id='line_1_34' title="bbox 313 2261 1165 2319; baseline -0.009 -6"><span class='ocrx_word' id='word_1_226' title='bbox 313 2282 393 2312; x_wconf 86' lang='lat' dir='ltr'>cor</span> <span class='ocrx_word' id='word_1_227' title='bbox 423 2261 589 2313; x_wconf 74' lang='lat' dir='ltr'>Christi</span> <span class='ocrx_word' id='word_1_228' title='bbox 615 2300 631 2319; x_wconf 79' lang='lat'>‚</span> <span class='ocrx_word' id='word_1_229' title='bbox 678 2265 819 2310; x_wconf 85' lang='lat' dir='ltr'>toties</span> <span class='ocrx_word' id='word_1_230' title='bbox 837 2264 1131 2310; x_wconf 81' lang='lat' dir='ltr'>vulneratum</span> <span class='ocrx_word' id='word_1_231' title='bbox 1149 2296 1165 2316; x_wconf 84' lang='lat'>‚</span> 
     </span>
    </p>

    <p class='ocr_par' dir='ltr' id='par_1_12' title="bbox 312 2328 1164 2389">
     <span class='ocr_line' id='line_1_35' title="bbox 312 2328 1164 2389; baseline -0.007 -12"><span class='ocrx_word' id='word_1_232' title='bbox 312 2330 478 2378; x_wconf 78' lang='lat' dir='ltr'>iisdem</span> <span class='ocrx_word' id='word_1_233' title='bbox 488 2329 637 2375; x_wconf 74' lang='lat' dir='ltr'>verbis</span> <span class='ocrx_word' id='word_1_234' title='bbox 656 2328 922 2388; x_wconf 70' lang='lat' dir='ltr'>alloquatur</span> <span class='ocrx_word' id='word_1_235' title='bbox 942 2329 1164 2389; x_wconf 77' lang='lat' dir='ltr'>ingratos,</span> 
     </span>
    </p>

    <p class='ocr_par' dir='ltr' id='par_1_13' title="bbox 315 2391 1164 2457">
     <span class='ocr_line' id='line_1_36' title="bbox 315 2391 1164 2457; baseline -0.005 -16"><span class='ocrx_word' id='word_1_236' title='bbox 315 2397 481 2457; x_wconf 82' lang='lat' dir='ltr'>quibus</span> <span class='ocrx_word' id='word_1_237' title='bbox 506 2409 583 2440; x_wconf 87' lang='lat' dir='ltr'>cor</span> <span class='ocrx_word' id='word_1_238' title='bbox 608 2393 885 2440; x_wconf 76' lang='lat' dir='ltr'>celeberrimi</span> <span class='ocrx_word' id='word_1_239' title='bbox 905 2391 1126 2453; x_wconf 82' lang='lat' dir='ltr'>Martyris</span> <span class='ocrx_word' id='word_1_240' title='bbox 1149 2426 1164 2446; x_wconf 95' lang='lat'>,</span> 
     </span>
    </p>

    <p class='ocr_par' dir='ltr' id='par_1_14' title="bbox 315 2452 1167 2518">
     <span class='ocr_line' id='line_1_37' title="bbox 315 2452 1167 2518; baseline -0.007 -12"><span class='ocrx_word' id='word_1_241' title='bbox 315 2461 366 2506; x_wconf 84' lang='lat' dir='ltr'>in</span> <span class='ocrx_word' id='word_1_242' title='bbox 381 2459 581 2506; x_wconf 78' lang='lat' dir='ltr'>flammis</span> <span class='ocrx_word' id='word_1_243' title='bbox 599 2452 786 2505; x_wconf 79' lang='lat' dir='ltr'>illaesuin</span> <span class='ocrx_word' id='word_1_244' title='bbox 809 2495 821 2513; x_wconf 85' lang='lat'>‚</span> <span class='ocrx_word' id='word_1_245' title='bbox 874 2454 1167 2518; x_wconf 83' lang='lat' dir='ltr'>ingratitudi-</span> 
     </span>
    </p>

    <p class='ocr_par' dir='ltr' id='par_1_15' title="bbox 318 2519 1162 2586">
     <span class='ocr_line' id='line_1_38' title="bbox 318 2519 1162 2586; baseline -0.009 -14"><span class='ocrx_word' id='word_1_246' title='bbox 318 2540 426 2572; x_wconf 81' lang='lat' dir='ltr'>nem</span> <span class='ocrx_word' id='word_1_247' title='bbox 437 2519 719 2586; x_wconf 66' lang='lat' dir='ltr'>exprobrfiffe</span> <span class='ocrx_word' id='word_1_248' title='bbox 728 2522 931 2569; x_wconf 75' lang='lat' dir='ltr'>Barbaris</span> <span class='ocrx_word' id='word_1_249' title='bbox 941 2522 1139 2582; x_wconf 79' lang='lat' dir='ltr'>legimus</span> <span class='ocrx_word' id='word_1_250' title='bbox 1152 2534 1162 2564; x_wconf 90' lang='lat'>:</span> 
     </span>
    </p>

    <p class='ocr_par' dir='ltr' id='par_1_16' title="bbox 317 2587 1163 2651">
     <span class='ocr_line' id='line_1_39' title="bbox 317 2587 1163 2651; baseline -0.009 -13"><span class='ocrx_word' id='word_1_251' title='bbox 317 2594 400 2638; x_wconf 79' lang='lat' dir='ltr'>Cur</span> <span class='ocrx_word' id='word_1_252' title='bbox 428 2589 620 2643; x_wconf 65' lang='lat' dir='ltr'>occidi-liis</span> <span class='ocrx_word' id='word_1_253' title='bbox 640 2602 705 2633; x_wconf 82' lang='lat' dir='ltr'>me</span> <span class='ocrx_word' id='word_1_254' title='bbox 728 2621 742 2644; x_wconf 90' lang='lat'><strong>,</strong></span> <span class='ocrx_word' id='word_1_255' title='bbox 779 2595 849 2651; x_wconf 77' lang='lat' dir='ltr'>qui</span> <span class='ocrx_word' id='word_1_256' title='bbox 882 2601 961 2633; x_wconf 76' lang='lat' dir='ltr'>vos</span> <span class='ocrx_word' id='word_1_257' title='bbox 994 2587 1129 2631; x_wconf 71' lang='lat' dir='ltr'>dilexi</span> <span class='ocrx_word' id='word_1_258' title='bbox 1150 2621 1163 2643; x_wconf 87' lang='lat'>‚</span> 
     </span>
    </p>

    <p class='ocr_par' dir='ltr' id='par_1_17' title="bbox 318 2648 1162 2721">
     <span class='ocr_line' id='line_1_40' title="bbox 318 2648 1162 2721; baseline -0.006 -19"><span class='ocrx_word' id='word_1_259' title='bbox 318 2657 391 2721; x_wconf 67' lang='lat' dir='ltr'>qui</span> <span class='ocrx_word' id='word_1_260' title='bbox 417 2668 496 2702; x_wconf 78' lang='lat' dir='ltr'>vos</span> <span class='ocrx_word' id='word_1_261' title='bbox 527 2654 694 2718; x_wconf 62' lang='lat' dir='ltr'>quesivi</span> <span class='ocrx_word' id='word_1_262' title='bbox 718 2688 735 2712; x_wconf 86' lang='lat'>,</span> <span class='ocrx_word' id='word_1_263' title='bbox 786 2653 860 2717; x_wconf 77' lang='lat' dir='ltr'>qui</span> <span class='ocrx_word' id='word_1_264' title='bbox 889 2650 1029 2713; x_wconf 66' lang='lat' dir='ltr'>vestra</span> <span class='ocrx_word' id='word_1_265' title='bbox 1051 2648 1162 2712; x_wconf 81' lang='lat' dir='ltr'><em>[alu-</em></span> 
     </span>
    </p>
   </div>
   <div class='ocr_carea' id='block_1_7' title="bbox 985 66 1408 133">
    <p class='ocr_par' dir='ltr' id='par_1_18' title="bbox 985 66 1408 133">
     <span class='ocr_line' id='line_1_41' title="bbox 985 66 1408 133; baseline 0 -15"><span class='ocrx_word' id='word_1_266' title='bbox 985 67 1162 131; x_wconf 69' lang='lat' dir='ltr'>Coloffies</span> <span class='ocrx_word' id='word_1_267' title='bbox 1183 66 1408 133; x_wconf 61' lang='lat' dir='ltr'>Mysticuso&#39;</span> 
     </span>
    </p>
   </div>
   <div class='ocr_carea' id='block_1_8' title="bbox 1193 179 2049 310">
    <p class='ocr_par' dir='ltr' id='par_1_19' title="bbox 1193 179 2049 310">
     <span class='ocr_line' id='line_1_42' title="bbox 1193 179 2049 254; baseline 0.005 -23"><span class='ocrx_word' id='word_1_268' title='bbox 1193 187 1247 232; x_wconf 74' lang='lat' dir='ltr'>tis</span> <span class='ocrx_word' id='word_1_269' title='bbox 1273 182 1394 244; x_wconf 63' lang='lat' dir='ltr'>causei</span> <span class='ocrx_word' id='word_1_270' title='bbox 1406 181 1900 254; x_wconf 71' lang='lat' dir='ltr'>bucfuiperegrinatus?</span> <span class='ocrx_word' id='word_1_271' title='bbox 1932 179 2049 235; x_wconf 60' lang='lat' dir='ltr'>dict:</span> 
     </span>
     <span class='ocr_line' id='line_1_43' title="bbox 1195 249 2019 310; baseline -0.008 -14"><span class='ocrx_word' id='word_1_272' title='bbox 1195 259 1261 296; x_wconf 85' lang='lat' dir='ltr'>te.-</span> <span class='ocrx_word' id='word_1_273' title='bbox 1292 263 1369 296; x_wconf 78' lang='lat' dir='ltr'>cur</span> <span class='ocrx_word' id='word_1_274' title='bbox 1384 249 1627 310; x_wconf 68' lang='lat' dir='ltr'>occidistis?</span> <span class='ocrx_word' id='word_1_275' title='bbox 1662 284 1665 286; x_wconf 84' lang='lat'><em>-</em></span> <span class='ocrx_word' id='word_1_276' title='bbox 2016 278 2019 280; x_wconf 26' lang='lat' dir='ltr'>v</span> 
     </span>
    </p>
   </div>
   <div class='ocr_carea' id='block_1_9' title="bbox 1199 375 2075 2772">
    <p class='ocr_par' dir='ltr' id='par_1_20' title="bbox 1199 375 2075 2757">
     <span class='ocr_line' id='line_1_44' title="bbox 1258 375 2047 428; baseline 0 -2"><span class='ocrx_word' id='word_1_277' title='bbox 1258 378 1479 428; x_wconf 81' lang='lat' dir='ltr'>LEUC:</span> <span class='ocrx_word' id='word_1_278' title='bbox 1534 375 1840 426; x_wconf 66' lang='lat' dir='ltr'>Ex·ha&amp;enus</span> <span class='ocrx_word' id='word_1_279' title='bbox 1861 376 2047 426; x_wconf 78' lang='lat' dir='ltr'>recensi-</span> 
     </span>
     <span class='ocr_line' id='line_1_45' title="bbox 1199 440 2049 498; baseline 0.001 -9"><span class='ocrx_word' id='word_1_280' title='bbox 1199 441 1259 489; x_wconf 84' lang='lat' dir='ltr'>tis</span> <span class='ocrx_word' id='word_1_281' title='bbox 1282 479 1297 498; x_wconf 90' lang='lat'>‚</span> <span class='ocrx_word' id='word_1_282' title='bbox 1329 440 1426 488; x_wconf 88' lang='lat' dir='ltr'>duo</span> <span class='ocrx_word' id='word_1_283' title='bbox 1449 443 1591 489; x_wconf 89' lang='lat' dir='ltr'>miror</span> <span class='ocrx_word' id='word_1_284' title='bbox 1620 445 1839 491; x_wconf 80' lang='lat' dir='ltr'>miracula</span> <span class='ocrx_word' id='word_1_285' title='bbox 1859 444 2049 491; x_wconf 84' lang='lat' dir='ltr'>humani</span> 
     </span>
     <span class='ocr_line' id='line_1_46' title="bbox 1199 505 2065 571; baseline 0.002 -18"><span class='ocrx_word' id='word_1_286' title='bbox 1199 506 1349 554; x_wconf 85' lang='lat' dir='ltr'>cordis</span> <span class='ocrx_word' id='word_1_287' title='bbox 1364 521 1379 551; x_wconf 79' lang='lat' dir='ltr'>t·</span> <span class='ocrx_word' id='word_1_288' title='bbox 1406 506 1613 569; x_wconf 80' lang='lat' dir='ltr'>primum.</span> <span class='ocrx_word' id='word_1_289' title='bbox 1628 505 1697 554; x_wconf 84' lang='lat' dir='ltr'>est</span> <span class='ocrx_word' id='word_1_290' title='bbox 1712 508 1985 571; x_wconf 77' lang='lat' dir='ltr'>magnitudo</span> <span class='ocrx_word' id='word_1_291' title='bbox 2004 509 2065 555; x_wconf 92' lang='lat' dir='ltr'>in·</span> 
     </span>
     <span class='ocr_line' id='line_1_47' title="bbox 1200 569 2051 635; baseline -0.002 -15"><span class='ocrx_word' id='word_1_292' title='bbox 1200 572 1455 635; x_wconf 80' lang='lat' dir='ltr'>parvitate:</span> <span class='ocrx_word' id='word_1_293' title='bbox 1491 569 1665 620; x_wconf 73' lang='lat' dir='ltr'>nam-ut</span> <span class='ocrx_word' id='word_1_294' title='bbox 1684 574 1857 633; x_wconf 83' lang='lat' dir='ltr'>ajebas‚</span> <span class='ocrx_word' id='word_1_295' title='bbox 1890 575 2051 635; x_wconf 82' lang='lat' dir='ltr'>exigu-</span> 
     </span>
     <span class='ocr_line' id='line_1_48' title="bbox 1200 633 2049 700; baseline 0.001 -18"><span class='ocrx_word' id='word_1_296' title='bbox 1200 651 1369 683; x_wconf 88' lang='lat' dir='ltr'>umcor</span> <span class='ocrx_word' id='word_1_297' title='bbox 1379 633 1464 682; x_wconf 75' lang='lat' dir='ltr'>esst:</span> <span class='ocrx_word' id='word_1_298' title='bbox 1487 636 1641 692; x_wconf 81' lang='lat' dir='ltr'>debet,</span> <span class='ocrx_word' id='word_1_299' title='bbox 1669 648 1723 682; x_wconf 90' lang='lat' dir='ltr'>ut</span> <span class='ocrx_word' id='word_1_300' title='bbox 1733 636 1785 684; x_wconf 87' lang='lat' dir='ltr'>fit</span> <span class='ocrx_word' id='word_1_301' title='bbox 1808 651 2049 700; x_wconf 83' lang='lat' dir='ltr'>magnum:</span> 
     </span>
     <span class='ocr_line' id='line_1_49' title="bbox 1201 701 2051 763; baseline 0.001 -16"><span class='ocrx_word' id='word_1_302' title='bbox 1201 701 1437 763; x_wconf 82' lang='lat' dir='ltr'>ingentem</span> <span class='ocrx_word' id='word_1_303' title='bbox 1472 702 1694 748; x_wconf 84' lang='lat' dir='ltr'>virtutem</span> <span class='ocrx_word' id='word_1_304' title='bbox 1737 713 1792 748; x_wconf 87' lang='lat' dir='ltr'>ut</span> <span class='ocrx_word' id='word_1_305' title='bbox 1835 703 1997 749; x_wconf 81' lang='lat' dir='ltr'>habeat</span> <span class='ocrx_word' id='word_1_306' title='bbox 2037 738 2051 758; x_wconf 84' lang='lat'><em>‚</em></span> 
     </span>
     <span class='ocr_line' id='line_1_50' title="bbox 1200 765 2072 829; baseline 0 -15"><span class='ocrx_word' id='word_1_307' title='bbox 1200 766 1370 814; x_wconf 84' lang='lat' dir='ltr'>habere</span> <span class='ocrx_word' id='word_1_308' title='bbox 1402 765 1537 812; x_wconf 83' lang='lat' dir='ltr'>debet</span> <span class='ocrx_word' id='word_1_309' title='bbox 1576 769 1795 829; x_wconf 77' lang='lat' dir='ltr'>exiguam</span> <span class='ocrx_word' id='word_1_310' title='bbox 1829 768 2005 813; x_wconf 88' lang='lat' dir='ltr'>molem</span> <span class='ocrx_word' id='word_1_311' title='bbox 2037 801 2072 823; x_wconf 64' lang='grc'>.»</span> 
     </span>
     <span class='ocr_line' id='line_1_51' title="bbox 1203 828 2058 894; baseline -0.001 -16"><span class='ocrx_word' id='word_1_312' title='bbox 1203 828 1265 878; x_wconf 74' lang='lat' dir='ltr'>eo</span> <span class='ocrx_word' id='word_1_313' title='bbox 1282 828 1514 892; x_wconf 64' lang='lat' dir='ltr'>capacius,</span> <span class='ocrx_word' id='word_1_314' title='bbox 1553 829 1651 893; x_wconf 77' lang='lat' dir='ltr'>quo</span> <span class='ocrx_word' id='word_1_315' title='bbox 1665 829 1922 894; x_wconf 74' lang='lat' dir='ltr'>angustius,</span> <span class='ocrx_word' id='word_1_316' title='bbox 1957 846 2058 894; x_wconf 81' lang='lat' dir='ltr'>quae</span> 
     </span>
     <span class='ocr_line' id='line_1_52' title="bbox 1204 896 2056 958; baseline 0.002 -16"><span class='ocrx_word' id='word_1_317' title='bbox 1204 897 1407 958; x_wconf 81' lang='lat' dir='ltr'>parvitas</span> <span class='ocrx_word' id='word_1_318' title='bbox 1437 896 1551 942; x_wconf 26' lang='lat' dir='ltr'>aliisr</span> <span class='ocrx_word' id='word_1_319' title='bbox 1577 899 1795 944; x_wconf 86' lang='lat' dir='ltr'>membris</span> <span class='ocrx_word' id='word_1_320' title='bbox 1827 908 2012 944; x_wconf 87' lang='lat' dir='ltr'>noceret</span> <span class='ocrx_word' id='word_1_321' title='bbox 2039 934 2056 954; x_wconf 90' lang='lat'>‚</span> 
     </span>
     <span class='ocr_line' id='line_1_53' title="bbox 1206 958 2055 1021; baseline 0 -15"><span class='ocrx_word' id='word_1_322' title='bbox 1206 976 1262 1006; x_wconf 79' lang='lat' dir='ltr'>ea</span> <span class='ocrx_word' id='word_1_323' title='bbox 1291 959 1418 1006; x_wconf 88' lang='lat' dir='ltr'>cordi</span> <span class='ocrx_word' id='word_1_324' title='bbox 1447 958 1648 1021; x_wconf 84' lang='lat' dir='ltr'>prodest.</span> <span class='ocrx_word' id='word_1_325' title='bbox 1737 961 2055 1010; x_wconf 75' lang='lat' dir='ltr'>&#39;Secundumt</span> 
     </span>
     <span class='ocr_line' id='line_1_54' title="bbox 1207 1024 2059 1088; baseline 0.004 -18"><span class='ocrx_word' id='word_1_326' title='bbox 1207 1024 1336 1088; x_wconf 85' lang='lat' dir='ltr'>quod</span> <span class='ocrx_word' id='word_1_327' title='bbox 1361 1024 1538 1072; x_wconf 84' lang='lat' dir='ltr'>mundo</span> <span class='ocrx_word' id='word_1_328' title='bbox 1569 1025 1749 1086; x_wconf 89' lang='lat' dir='ltr'>impleri</span> <span class='ocrx_word' id='word_1_329' title='bbox 1773 1027 1888 1074; x_wconf 87' lang='lat' dir='ltr'>velit</span> <span class='ocrx_word' id='word_1_330' title='bbox 1910 1064 1924 1083; x_wconf 88' lang='lat'>‚</span> <span class='ocrx_word' id='word_1_331' title='bbox 1961 1041 2059 1088; x_wconf 88' lang='lat' dir='ltr'>quo</span> 
     </span>
     <span class='ocr_line' id='line_1_55' title="bbox 1206 1089 2060 1153; baseline 0.001 -16"><span class='ocrx_word' id='word_1_332' title='bbox 1206 1089 1403 1152; x_wconf 85' lang='lat' dir='ltr'>nequid,</span> <span class='ocrx_word' id='word_1_333' title='bbox 1437 1089 1566 1151; x_wconf 86' lang='lat' dir='ltr'>quod</span> <span class='ocrx_word' id='word_1_334' title='bbox 1583 1090 1719 1138; x_wconf 89' lang='lat' dir='ltr'>DEO</span> <span class='ocrx_word' id='word_1_335' title='bbox 1739 1092 1900 1153; x_wconf 84' lang='lat' dir='ltr'>repleri</span> <span class='ocrx_word' id='word_1_336' title='bbox 1923 1093 2060 1147; x_wconf 81' lang='lat' dir='ltr'>nolit,</span> 
     </span>
     <span class='ocr_line' id='line_1_56' title="bbox 1207 1153 2060 1218; baseline 0.001 -16"><span class='ocrx_word' id='word_1_337' title='bbox 1207 1170 1304 1218; x_wconf 89' lang='lat' dir='ltr'>quo</span> <span class='ocrx_word' id='word_1_338' title='bbox 1324 1153 1492 1217; x_wconf 86' lang='lat' dir='ltr'>potest.</span> <span class='ocrx_word' id='word_1_339' title='bbox 1558 1161 1682 1203; x_wconf 64' lang='lat' dir='ltr'>MliL</span> <span class='ocrx_word' id='word_1_340' title='bbox 1702 1174 1715 1201; x_wconf 82' lang='lat'>.-</span> <span class='ocrx_word' id='word_1_341' title='bbox 1762 1171 1858 1202; x_wconf 91' lang='lat' dir='ltr'>non</span> <span class='ocrx_word' id='word_1_342' title='bbox 1882 1158 2060 1204; x_wconf 85' lang='lat' dir='ltr'>miraris</span> 
     </span>
     <span class='ocr_line' id='line_1_57' title="bbox 1206 1216 2062 1283; baseline 0.001 -16"><span class='ocrx_word' id='word_1_343' title='bbox 1206 1218 1470 1277; x_wconf 57' lang='lat' dir='ltr'>immerito5</span> <span class='ocrx_word' id='word_1_344' title='bbox 1502 1234 1611 1268; x_wconf 82' lang='lat' dir='ltr'>nam</span> <span class='ocrx_word' id='word_1_345' title='bbox 1627 1216 1728 1267; x_wconf 90' lang='lat' dir='ltr'>sunt</span> <span class='ocrx_word' id='word_1_346' title='bbox 1737 1221 1828 1267; x_wconf 86' lang='lat' dir='ltr'>haec</span> <span class='ocrx_word' id='word_1_347' title='bbox 1844 1219 1938 1268; x_wconf 87' lang='lat' dir='ltr'>duo</span> <span class='ocrx_word' id='word_1_348' title='bbox 1950 1236 2062 1283; x_wconf 82' lang='lat' dir='ltr'>pro-</span> 
     </span>
     <span class='ocr_line' id='line_1_58' title="bbox 1207 1281 2061 1348; baseline 0 -16"><span class='ocrx_word' id='word_1_349' title='bbox 1207 1284 1330 1348; x_wconf 80' lang='lat' dir='ltr'>digia</span> <span class='ocrx_word' id='word_1_350' title='bbox 1339 1285 1494 1348; x_wconf 83' lang='lat' dir='ltr'>primae</span> <span class='ocrx_word' id='word_1_351' title='bbox 1510 1281 1670 1332; x_wconf 83' lang='lat' dir='ltr'>claffis.</span> <span class='ocrx_word' id='word_1_352' title='bbox 1702 1281 1840 1333; x_wconf 75' lang='lat' dir='ltr'>Adeo</span> <span class='ocrx_word' id='word_1_353' title='bbox 1852 1287 2061 1348; x_wconf 86' lang='lat' dir='ltr'>amplum</span> 
     </span>
     <span class='ocr_line' id='line_1_59' title="bbox 1208 1348 2062 1414; baseline -0.001 -16"><span class='ocrx_word' id='word_1_354' title='bbox 1208 1348 1362 1398; x_wconf 89' lang='lat' dir='ltr'>estcor</span> <span class='ocrx_word' id='word_1_355' title='bbox 1377 1350 1662 1407; x_wconf 79' lang='lat' dir='ltr'>humanum,</span> <span class='ocrx_word' id='word_1_356' title='bbox 1693 1362 1747 1397; x_wconf 89' lang='lat' dir='ltr'>ut</span> <span class='ocrx_word' id='word_1_357' title='bbox 1766 1348 1845 1398; x_wconf 81' lang='lat' dir='ltr'>etsi</span> <span class='ocrx_word' id='word_1_358' title='bbox 1860 1367 1964 1414; x_wconf 77' lang='lat' dir='ltr'>pars</span> <span class='ocrx_word' id='word_1_359' title='bbox 1991 1349 2062 1407; x_wconf 87' lang='lat' dir='ltr'>fit,</span> 
     </span>
     <span class='ocr_line' id='line_1_60' title="bbox 1207 1412 2061 1477; baseline -0.002 -14"><span class='ocrx_word' id='word_1_360' title='bbox 1207 1416 1361 1477; x_wconf 77' lang='lat' dir='ltr'>major</span> <span class='ocrx_word' id='word_1_361' title='bbox 1376 1412 1459 1462; x_wconf 72' lang='lat' dir='ltr'>sm</span> <span class='ocrx_word' id='word_1_362' title='bbox 1480 1427 1635 1463; x_wconf 82' lang='lat' dir='ltr'>tamen</span> <span class='ocrx_word' id='word_1_363' title='bbox 1649 1414 1710 1463; x_wconf 83' lang='lat' dir='ltr'>fit</span> <span class='ocrx_word' id='word_1_364' title='bbox 1735 1425 1845 1463; x_wconf 90' lang='lat' dir='ltr'>toto</span> <span class='ocrx_word' id='word_1_365' title='bbox 1864 1431 1879 1461; x_wconf 78' lang='lat' dir='ltr'><strong><em>z</em></strong></span> <span class='ocrx_word' id='word_1_366' title='bbox 1926 1414 2061 1462; x_wconf 81' lang='lat' dir='ltr'>exilis</span> 
     </span>
     <span class='ocr_line' id='line_1_61' title="bbox 1208 1481 2060 1543; baseline -0.001 -15"><span class='ocrx_word' id='word_1_367' title='bbox 1208 1481 1412 1528; x_wconf 87' lang='lat' dir='ltr'>hominis</span> <span class='ocrx_word' id='word_1_368' title='bbox 1421 1483 1595 1543; x_wconf 81' lang='lat' dir='ltr'>portio,</span> <span class='ocrx_word' id='word_1_369' title='bbox 1611 1481 1916 1529; x_wconf 85' lang='lat' dir='ltr'>totohomine</span> <span class='ocrx_word' id='word_1_370' title='bbox 1925 1496 2060 1543; x_wconf 78' lang='lat' dir='ltr'>gran-</span> 
     </span>
     <span class='ocr_line' id='line_1_62' title="bbox 1209 1545 2061 1608; baseline 0 -16"><span class='ocrx_word' id='word_1_371' title='bbox 1209 1545 1346 1602; x_wconf 80' lang='lat' dir='ltr'>dior,</span> <span class='ocrx_word' id='word_1_372' title='bbox 1380 1546 1605 1608; x_wconf 77' lang='lat' dir='ltr'>particula</span> <span class='ocrx_word' id='word_1_373' title='bbox 1619 1545 1778 1592; x_wconf 88' lang='lat' dir='ltr'>mundi</span> <span class='ocrx_word' id='word_1_374' title='bbox 1798 1581 1811 1601; x_wconf 87' lang='lat'>,</span> <span class='ocrx_word' id='word_1_375' title='bbox 1844 1546 1895 1593; x_wconf 87' lang='lat'>&amp;</span> <span class='ocrx_word' id='word_1_376' title='bbox 1924 1560 2061 1592; x_wconf 87' lang='lat' dir='ltr'>mun-</span> 
     </span>
     <span class='ocr_line' id='line_1_63' title="bbox 1209 1608 2062 1672; baseline 0 -15"><span class='ocrx_word' id='word_1_377' title='bbox 1209 1610 1296 1658; x_wconf 80' lang='lat' dir='ltr'>dus</span> <span class='ocrx_word' id='word_1_378' title='bbox 1310 1612 1352 1657; x_wconf 88' lang='lat' dir='ltr'>ei</span> <span class='ocrx_word' id='word_1_379' title='bbox 1368 1623 1592 1659; x_wconf 87' lang='lat' dir='ltr'>votorum</span> <span class='ocrx_word' id='word_1_380' title='bbox 1604 1611 1831 1672; x_wconf 78' lang='lat' dir='ltr'>particula</span> <span class='ocrx_word' id='word_1_381' title='bbox 1842 1608 1908 1657; x_wconf 88' lang='lat' dir='ltr'>est</span> <span class='ocrx_word' id='word_1_382' title='bbox 1931 1626 1942 1657; x_wconf 81' lang='lat'>2</span> <span class='ocrx_word' id='word_1_383' title='bbox 1981 1609 2062 1657; x_wconf 83' lang='lat' dir='ltr'>ad·</span> 
     </span>
     <span class='ocr_line' id='line_1_64' title="bbox 1210 1671 2063 1738; baseline -0.004 -14"><span class='ocrx_word' id='word_1_384' title='bbox 1210 1676 1524 1723; x_wconf 79' lang='lat' dir='ltr'>mittitomnia</span> <span class='ocrx_word' id='word_1_385' title='bbox 1543 1713 1557 1731; x_wconf 85' lang='lat'>‚</span> <span class='ocrx_word' id='word_1_386' title='bbox 1592 1676 1928 1738; x_wconf 74' lang='lat' dir='ltr'>necimptetur‚</span> <span class='ocrx_word' id='word_1_387' title='bbox 1957 1671 2063 1738; x_wconf 87' lang='lat' dir='ltr'>post</span> 
     </span>
     <span class='ocr_line' id='line_1_65' title="bbox 1209 1737 2069 1796; baseline 0 -10"><span class='ocrx_word' id='word_1_388' title='bbox 1209 1755 1379 1787; x_wconf 81' lang='lat' dir='ltr'>omnes</span> <span class='ocrx_word' id='word_1_389' title='bbox 1405 1737 1642 1787; x_wconf 74' lang='lat' dir='ltr'>thesauros</span> <span class='ocrx_word' id='word_1_390' title='bbox 1659 1739 1804 1787; x_wconf 78' lang='lat' dir='ltr'>adhuc</span> <span class='ocrx_word' id='word_1_391' title='bbox 1842 1755 2069 1796; x_wconf 74' lang='lat' dir='ltr'>avarum,</span> 
     </span>
     <span class='ocr_line' id='line_1_66' title="bbox 1209 1803 2063 1869; baseline -0.001 -18"><span class='ocrx_word' id='word_1_392' title='bbox 1209 1803 1318 1869; x_wconf 86' lang='lat' dir='ltr'>post</span> <span class='ocrx_word' id='word_1_393' title='bbox 1325 1820 1489 1852; x_wconf 83' lang='lat' dir='ltr'>omnes</span> <span class='ocrx_word' id='word_1_394' title='bbox 1496 1804 1684 1852; x_wconf 86' lang='lat' dir='ltr'>delicias</span> <span class='ocrx_word' id='word_1_395' title='bbox 1701 1805 1846 1852; x_wconf 84' lang='lat' dir='ltr'>adhuc</span> <span class='ocrx_word' id='word_1_396' title='bbox 1857 1804 2063 1860; x_wconf 83' lang='lat' dir='ltr'>avidum,</span> 
     </span>
     <span class='ocr_line' id='line_1_67' title="bbox 1212 1868 2066 1933; baseline 0 -17"><span class='ocrx_word' id='word_1_397' title='bbox 1212 1868 1318 1933; x_wconf 88' lang='lat' dir='ltr'>post</span> <span class='ocrx_word' id='word_1_398' title='bbox 1327 1871 1538 1916; x_wconf 85' lang='lat' dir='ltr'>omnium</span> <span class='ocrx_word' id='word_1_399' title='bbox 1550 1871 1781 1916; x_wconf 89' lang='lat' dir='ltr'>bonorum</span> <span class='ocrx_word' id='word_1_400' title='bbox 1792 1871 1972 1931; x_wconf 78' lang='lat' dir='ltr'>copiam</span> <span class='ocrx_word' id='word_1_401' title='bbox 1986 1868 2066 1916; x_wconf 84' lang='lat' dir='ltr'>ad-</span> 
     </span>
     <span class='ocr_line' id='line_1_68' title="bbox 1213 1936 2066 1998; baseline -0.002 -16"><span class='ocrx_word' id='word_1_402' title='bbox 1213 1937 1302 1982; x_wconf 86' lang='lat' dir='ltr'>huc</span> <span class='ocrx_word' id='word_1_403' title='bbox 1312 1950 1508 1998; x_wconf 79' lang='lat' dir='ltr'>egenum</span> <span class='ocrx_word' id='word_1_404' title='bbox 1533 1972 1545 1989; x_wconf 85' lang='lat'>,</span> <span class='ocrx_word' id='word_1_405' title='bbox 1578 1947 1687 1982; x_wconf 85' lang='lat' dir='ltr'>tunc</span> <span class='ocrx_word' id='word_1_406' title='bbox 1704 1936 1844 1981; x_wconf 77' lang='lat' dir='ltr'>etiam</span> <span class='ocrx_word' id='word_1_407' title='bbox 1867 1948 2066 1981; x_wconf 68' lang='lat' dir='ltr'>vacuum</span> 
     </span>
     <span class='ocr_line' id='line_1_69' title="bbox 1215 1997 2067 2062; baseline -0.004 -15"><span class='ocrx_word' id='word_1_408' title='bbox 1215 1998 1310 2056; x_wconf 88' lang='lat' dir='ltr'>est,</span> <span class='ocrx_word' id='word_1_409' title='bbox 1348 1997 1456 2048; x_wconf 63' lang='lat' dir='ltr'>etun</span> <span class='ocrx_word' id='word_1_410' title='bbox 1485 1998 1554 2047; x_wconf 87' lang='lat' dir='ltr'>est</span> <span class='ocrx_word' id='word_1_411' title='bbox 1568 2001 1790 2062; x_wconf 75' lang='lat' dir='ltr'>plenum:</span> <span class='ocrx_word' id='word_1_412' title='bbox 1858 2002 1909 2048; x_wconf 87' lang='lat'>&amp;</span> <span class='ocrx_word' id='word_1_413' title='bbox 1937 1997 2067 2060; x_wconf 85' lang='lat' dir='ltr'>quod</span> 
     </span>
     <span class='ocr_line' id='line_1_70' title="bbox 1215 2063 2067 2128; baseline -0.002 -16"><span class='ocrx_word' id='word_1_414' title='bbox 1215 2066 1364 2128; x_wconf 77' lang='lat' dir='ltr'>magis</span> <span class='ocrx_word' id='word_1_415' title='bbox 1373 2066 1543 2111; x_wconf 86' lang='lat' dir='ltr'>mirum·</span> <span class='ocrx_word' id='word_1_416' title='bbox 1553 2103 1567 2122; x_wconf 83' lang='lat'>‚</span> <span class='ocrx_word' id='word_1_417' title='bbox 1585 2065 1778 2126; x_wconf 78' lang='lat' dir='ltr'>implere</span> <span class='ocrx_word' id='word_1_418' title='bbox 1786 2063 1895 2112; x_wconf 72' lang='lat' dir='ltr'>cum</span> <span class='ocrx_word' id='word_1_419' title='bbox 1903 2063 2067 2110; x_wconf 81' lang='lat' dir='ltr'>DEUS</span> 
     </span>
     <span class='ocr_line' id='line_1_71' title="bbox 1216 2125 2066 2191; baseline -0.002 -15"><span class='ocrx_word' id='word_1_420' title='bbox 1216 2145 1274 2177; x_wconf 88' lang='lat' dir='ltr'>cu</span> <span class='ocrx_word' id='word_1_421' title='bbox 1305 2132 1367 2184; x_wconf 77' lang='lat' dir='ltr'>it,</span> <span class='ocrx_word' id='word_1_422' title='bbox 1402 2125 1602 2177; x_wconf 81' lang='lat' dir='ltr'>recusat:</span> <span class='ocrx_word' id='word_1_423' title='bbox 1637 2129 1757 2191; x_wconf 86' lang='lat' dir='ltr'>petit</span> <span class='ocrx_word' id='word_1_424' title='bbox 1769 2144 1845 2176; x_wconf 90' lang='lat' dir='ltr'>cor</span> <span class='ocrx_word' id='word_1_425' title='bbox 1862 2128 2066 2175; x_wconf 82' lang='lat' dir='ltr'>hominis</span> 
     </span>
     <span class='ocr_line' id='line_1_72' title="bbox 1217 2192 2069 2256; baseline -0.004 -14"><span class='ocrx_word' id='word_1_426' title='bbox 1217 2197 1290 2242; x_wconf 68' lang='lat' dir='ltr'>D⁴</span> <span class='ocrx_word' id='word_1_427' title='bbox 1350 2196 1379 2242; x_wconf 88' lang='lat' dir='ltr'>S</span> <span class='ocrx_word' id='word_1_428' title='bbox 1404 2231 1417 2250; x_wconf 89' lang='lat'>‚</span> <span class='ocrx_word' id='word_1_429' title='bbox 1453 2195 1533 2256; x_wconf 85' lang='lat' dir='ltr'>qui</span> <span class='ocrx_word' id='word_1_430' title='bbox 1559 2193 1678 2240; x_wconf 78' lang='lat' dir='ltr'>ill‘ud</span> <span class='ocrx_word' id='word_1_431' title='bbox 1702 2192 1907 2240; x_wconf 85' lang='lat' dir='ltr'>condidit</span> <span class='ocrx_word' id='word_1_432' title='bbox 1936 2230 1949 2248; x_wconf 89' lang='lat'>‚</span> <span class='ocrx_word' id='word_1_433' title='bbox 1986 2207 2069 2254; x_wconf 85' lang='lat' dir='ltr'>pe-</span> 
     </span>
     <span class='ocr_line' id='line_1_73' title="bbox 1219 2253 2068 2321; baseline -0.005 -15"><span class='ocrx_word' id='word_1_434' title='bbox 1219 2261 1276 2306; x_wconf 85' lang='lat' dir='ltr'>tit</span> <span class='ocrx_word' id='word_1_435' title='bbox 1287 2258 1412 2321; x_wconf 78' lang='lat' dir='ltr'>quasi</span> <span class='ocrx_word' id='word_1_436' title='bbox 1426 2273 1527 2305; x_wconf 88' lang='lat' dir='ltr'>rem</span> <span class='ocrx_word' id='word_1_437' title='bbox 1546 2259 1740 2304; x_wconf 73' lang='lat' dir='ltr'>alienam</span> <span class='ocrx_word' id='word_1_438' title='bbox 1755 2261 1807 2307; x_wconf 86' lang='lat'>&amp;</span> <span class='ocrx_word' id='word_1_439' title='bbox 1822 2271 1977 2304; x_wconf 82' lang='lat' dir='ltr'>tamen</span> <span class='ocrx_word' id='word_1_440' title='bbox 1996 2253 2068 2303; x_wconf 86' lang='lat' dir='ltr'>su-</span> 
     </span>
     <span class='ocr_line' id='line_1_74' title="bbox 1219 2317 2068 2386; baseline -0.004 -15"><span class='ocrx_word' id='word_1_441' title='bbox 1219 2339 1295 2371; x_wconf 79' lang='lat' dir='ltr'>am</span> <span class='ocrx_word' id='word_1_442' title='bbox 1313 2360 1327 2379; x_wconf 85' lang='lat'>‚</span> <span class='ocrx_word' id='word_1_443' title='bbox 1359 2325 1480 2386; x_wconf 85' lang='lat' dir='ltr'>petit</span> <span class='ocrx_word' id='word_1_444' title='bbox 1494 2320 1667 2386; x_wconf 82' lang='lat' dir='ltr'>restitui</span> <span class='ocrx_word' id='word_1_445' title='bbox 1686 2321 1763 2368; x_wconf 80' lang='lat' dir='ltr'>sibi</span> <span class='ocrx_word' id='word_1_446' title='bbox 1782 2361 1797 2379; x_wconf 86' lang='lat'>‚</span> <span class='ocrx_word' id='word_1_447' title='bbox 1828 2321 1955 2384; x_wconf 84' lang='lat' dir='ltr'>quod</span> <span class='ocrx_word' id='word_1_448' title='bbox 1974 2317 2068 2383; x_wconf 84' lang='lat' dir='ltr'>ipse</span> 
     </span>
     <span class='ocr_line' id='line_1_75' title="bbox 1218 2384 2075 2444; baseline -0.005 -8"><span class='ocrx_word' id='word_1_449' title='bbox 1218 2388 1412 2436; x_wconf 87' lang='lat' dir='ltr'>donavit</span> <span class='ocrx_word' id='word_1_450' title='bbox 1431 2425 1445 2444; x_wconf 84' lang='lat'>‚</span> <span class='ocrx_word' id='word_1_451' title='bbox 1479 2389 1532 2436; x_wconf 87' lang='lat'>&amp;</span> <span class='ocrx_word' id='word_1_452' title='bbox 1549 2402 1718 2434; x_wconf 84' lang='lat' dir='ltr'>munus</span> <span class='ocrx_word' id='word_1_453' title='bbox 1736 2387 1880 2433; x_wconf 85' lang='lat' dir='ltr'>credit</span> <span class='ocrx_word' id='word_1_454' title='bbox 1904 2424 1917 2442; x_wconf 83' lang='lat'>‚</span> <span class='ocrx_word' id='word_1_455' title='bbox 1953 2384 2075 2433; x_wconf 85' lang='lat' dir='ltr'>dum</span> 
     </span>
     <span class='ocr_line' id='line_1_76' title="bbox 1220 2448 2070 2515; baseline -0.004 -14"><span class='ocrx_word' id='word_1_456' title='bbox 1220 2450 1352 2501; x_wconf 87' lang='lat' dir='ltr'>suum</span> <span class='ocrx_word' id='word_1_457' title='bbox 1364 2453 1520 2515; x_wconf 85' lang='lat' dir='ltr'>recipit</span> <span class='ocrx_word' id='word_1_458' title='bbox 1536 2469 1546 2498; x_wconf 76' lang='grc' dir='ltr'>ε</span> <span class='ocrx_word' id='word_1_459' title='bbox 1588 2453 1638 2500; x_wconf 87' lang='lat'>&amp;</span> <span class='ocrx_word' id='word_1_460' title='bbox 1647 2467 1705 2498; x_wconf 90' lang='lat' dir='ltr'>ne</span> <span class='ocrx_word' id='word_1_461' title='bbox 1723 2448 1893 2498; x_wconf 81' lang='lat' dir='ltr'>recuset</span> <span class='ocrx_word' id='word_1_462' title='bbox 1904 2451 2070 2507; x_wconf 87' lang='lat' dir='ltr'>homo,</span> 
     </span>
     <span class='ocr_line' id='line_1_77' title="bbox 1220 2513 2075 2580; baseline 0.001 -16"><span class='ocrx_word' id='word_1_463' title='bbox 1220 2514 1439 2580; x_wconf 72' lang='lat' dir='ltr'>impressit</span> <span class='ocrx_word' id='word_1_464' title='bbox 1455 2516 1579 2564; x_wconf 87' lang='lat' dir='ltr'>cordi</span> <span class='ocrx_word' id='word_1_465' title='bbox 1598 2515 1866 2563; x_wconf 78' lang='lat' dir='ltr'>desiderium</span> <span class='ocrx_word' id='word_1_466' title='bbox 1887 2513 1949 2563; x_wconf 91' lang='lat' dir='ltr'>sui</span> <span class='ocrx_word' id='word_1_467' title='bbox 1969 2552 1985 2573; x_wconf 75' lang='lat'>,</span> <span class='ocrx_word' id='word_1_468' title='bbox 2017 2515 2075 2565; x_wconf 72' lang='grc' dir='ltr'>δι</span> 
     </span>
     <span class='ocr_line' id='line_1_78' title="bbox 1222 2581 2069 2644; baseline -0.002 -15"><span class='ocrx_word' id='word_1_469' title='bbox 1222 2581 1398 2630; x_wconf 86' lang='lat' dir='ltr'>tamdiu</span> <span class='ocrx_word' id='word_1_470' title='bbox 1414 2583 1672 2644; x_wconf 85' lang='lat' dir='ltr'>inquietum</span> <span class='ocrx_word' id='word_1_471' title='bbox 1688 2581 1839 2628; x_wconf 89' lang='lat' dir='ltr'>reddit</span> <span class='ocrx_word' id='word_1_472' title='bbox 1856 2618 1868 2635; x_wconf 84' lang='lat'>‚</span> <span class='ocrx_word' id='word_1_473' title='bbox 1903 2595 2069 2643; x_wconf 84' lang='lat' dir='ltr'>quam-</span> 
     </span>
     <span class='ocr_line' id='line_1_79' title="bbox 1219 2643 2070 2757; baseline -0.006 -61"><span class='ocrx_word' id='word_1_474' title='bbox 1219 2647 1373 2698; x_wconf 51' lang='lat' dir='ltr'>diu‘eo</span> <span class='ocrx_word' id='word_1_475' title='bbox 1382 2643 1560 2711; x_wconf 85' lang='lat' dir='ltr'>hospite</span> <span class='ocrx_word' id='word_1_476' title='bbox 1571 2658 1691 2696; x_wconf 74' lang='lat' dir='ltr'>caret</span> <span class='ocrx_word' id='word_1_477' title='bbox 1700 2683 1715 2705; x_wconf 83' lang='lat'>‚</span> <span class='ocrx_word' id='word_1_478' title='bbox 1749 2648 1830 2712; x_wconf 86' lang='lat' dir='ltr'>qui</span> <span class='ocrx_word' id='word_1_479' title='bbox 1840 2643 2070 2757; x_wconf 48' lang='grc' dir='ltr'>ἱοὲιξεῂο·</span> 
     </span>
    </p>

    <p class='ocr_par' dir='ltr' id='par_1_21' title="bbox 1897 2721 2070 2772">
     <span class='ocr_line' id='line_1_80' title="bbox 1897 2721 2070 2772; baseline 0.023 -18"><span class='ocrx_word' id='word_1_480' title='bbox 1897 2721 2070 2772; x_wconf 81' lang='lat' dir='ltr'>pinum</span> 
     </span>
    </p>
   </div>
  </div>
 </body>
</html>
